@article{Avona2021,
    title = {{ Meningeal CGRP‐Prolactin interaction evokes female‐specific migraine behavior }},
    year = {2021},
    journal = {Annals of Neurology},
    author = {Avona, Amanda and Mason, Bianca N and Burgos‐Vega, Carolina and Hovhannisyan, Anahit H. and Belugin, Sergei N and Mecklenburg, Jennifer and Goffin, Vincent and Wajahat, Naureen and Price, Theodore J. and Akopian, Armen N. and Dussor, Gregory},
    doi = {10.1002/ana.26070},
    issn = {0364-5134}
}

@article{Berker2018,
    title = {{2018 IEEE Nuclear Science Symposium and Medical Imaging Conference, NSS/MIC 2018 - Proceedings}},
    year = {2018},
    journal = {2018 IEEE Nuclear Science Symposium and Medical Imaging Conference, NSS/MIC 2018 - Proceedings},
    author = {Berker, Yannick and Maier, Joscha and Kachelrie{\ss}, Marc and Member, Senior},
    pages = {8--12},
    isbn = {9781538684948}
}

@article{Reader2014,
    title = {{4D image reconstruction for emission tomography}},
    year = {2014},
    journal = {Physics in Medicine and Biology},
    author = {Reader, Andrew J. and Verhaeghe, Jeroen},
    number = {22},
    pages = {R371-R418},
    volume = {59},
    doi = {10.1088/0031-9155/59/22/R371},
    issn = {13616560},
    keywords = {image reconstruction, positron emission tomography, single photon emission computed tomography}
}

@article{Qian2010,
    title = {{A comparative study of multiple scatter estimations in 3D PET}},
    year = {2010},
    journal = {IEEE Nuclear Science Symposium Conference Record},
    author = {Qian, Hua and Manjeshwar, Ravi and Thielemans, Kris},
    pages = {2700--2702},
    isbn = {9781424491063},
    doi = {10.1109/NSSMIC.2010.5874281},
    issn = {10957863}
}

@article{Staub2013,
    title = {{A digitally reconstructed radiograph algorithm calculated from first principles}},
    year = {2013},
    journal = {Medical Physics},
    author = {Staub, David and Murphy, Martin J.},
    number = {1},
    pages = {1--15},
    volume = {40},
    doi = {10.1118/1.4769413},
    issn = {00942405},
    keywords = {DRR, beam hardening, digitally reconstructed radiograph, scatter, veiling glare}
}

@article{Defrise1995,
    title = {{A factorization method for the 3D X-ray transform}},
    year = {1995},
    journal = {Inverse Problems},
    author = {Defrise, M.},
    number = {5},
    pages = {983--994},
    volume = {11},
    doi = {10.1088/0266-5611/11/5/003},
    issn = {02665611}
}

@article{Sun2016,
    title = {{A generalized scatter reconstruction algorithm for limited energy resolution PET detectors}},
    year = {2016},
    journal = {2014 IEEE Nuclear Science Symposium and Medical Imaging Conference, NSS/MIC 2014},
    author = {Sun, Hongyan and Pistorius, Stephen},
    pages = {2--4},
    isbn = {9781479960972},
    doi = {10.1109/NSSMIC.2014.7430787}
}

@article{Moore2011,
    title = {{A method to produce and validate a digitally reconstructed radiograph-based computer simulation for optimisation of chest radiographs acquired with a computed radiography imaging system}},
    year = {2011},
    journal = {British Journal of Radiology},
    author = {Moore, Craig S. and Liney, G. P. and Beavis, A. W. and Saunderson, J. R.},
    number = {1006},
    pages = {890--902},
    volume = {84},
    doi = {10.1259/bjr/30125639},
    issn = {00071285}
}

@article{Thielemans2007,
    title = {{A new algorithm for scaling of PET scatter estimates using all coincidence events}},
    year = {2007},
    journal = {IEEE Nuclear Science Symposium Conference Record},
    author = {Thielemans, K. and Manjeshwar, R. M. and Tsoumpas, Ch and Jansen, F. P.},
    pages = {3586--3590},
    volume = {5},
    isbn = {1424409233},
    doi = {10.1109/NSSMIC.2007.4436900},
    issn = {10957863}
}

@article{Krienke2021,
    title = {{A noninflammatory mRNA vaccine for treatment of experimental autoimmune encephalomyelitis}},
    year = {2021},
    journal = {Science},
    author = {Krienke, Christina and Kolb, Laura and Diken, Elif and Streuber, Michael and Kirchhoff, Sarah and Bukur, Thomas and Akilli-{\"{O}}zt{\"{u}}rk, Özlem and Kranz, Lena M and Berger, Hendrik and Petschenka, Jutta and Diken, Mustafa and Kreiter, Sebastian and Yogev, Nir and Waisman, Ari and Karik{\'{o}}, Katalin and T{\"{u}}reci, Özlem and Sahin, Ugur},
    number = {6525},
    pages = {145--153},
    volume = {371},
    url = {http://science.sciencemag.org/},
    issn = {0036-8075}
}

@article{Defrise1991,
    title = {{A normalization technique for 3D PET data}},
    year = {1991},
    journal = {Physics in Medicine and Biology},
    author = {Defrise, M. and Townsend, D. W. and Bailey, D. and Geissbuhler, A. M.C. and Jones, T.},
    number = {7},
    pages = {939--952},
    volume = {36},
    doi = {10.1088/0031-9155/36/7/003},
    issn = {00319155},
    pmid = {1886928}
}

@article{Watson1994,
    title = {{A Perspective on Deep Learning}},
    year = {1994},
    journal = {Management},
    author = {Watson, Gregory H},
    number = {1},
    pages = {5--10},
    volume = {1},
    url = {http://ieeexplore.ieee.org/xpls/abs_all.jsp?arnumber=1085421},
    doi = {10.1109/JPROC.2006.880669},
    issn = {21693536},
    arxivId = {1609.04375}
}

@article{Afridi2005,
    title = {{A PET study exploring the laterality of brainstem activation in migraine using glyceryl trinitrate}},
    year = {2005},
    journal = {Brain},
    author = {Afridi, S. K. and Matharu, M. S. and Lee, L. and Kaube, H. and Friston, K. J. and Frackowiak, R. S.J. and Goadsby, Peter J.},
    number = {4},
    pages = {932--939},
    volume = {128},
    doi = {10.1093/brain/awh416},
    issn = {00068950},
    pmid = {15705611},
    keywords = {Brainstem, Glyceryl trinitrate, Laterality, Migraine, PET}
}

@article{Rezaei2019a,
    title = {{A quantitative evaluation of joint activity and attenuation reconstruction in TOF PET/MR brain imaging}},
    year = {2019},
    journal = {Journal of Nuclear Medicine},
    author = {Rezaei, Ahmadreza and Schramm, Georg and Willekens, Stefanie M.A. and Delso, Gaspar and Van Laere, Koen and Nuyts, Johan},
    number = {11},
    pages = {1649--1655},
    volume = {60},
    doi = {10.2967/jnumed.118.220871},
    issn = {2159662X}
}

@article{Rezaei2019,
    title = {{A quantitative evaluation of joint activity and attenuation reconstruction in TOF PET/MR brain imaging}},
    year = {2019},
    journal = {Journal of Nuclear Medicine},
    author = {Rezaei, Ahmadreza and Schramm, Georg and Willekens, Stefanie M.A. and Delso, Gaspar and Van Laere, Koen and Nuyts, Johan},
    number = {11},
    pages = {1649--1655},
    volume = {60},
    doi = {10.2967/jnumed.118.220871},
    issn = {2159662X}
}

@article{Roy-OReilly2021,
    title = {{A review of alterations to the brain during spaceflight and the potential relevance to crew in long-duration space exploration}},
    year = {2021},
    journal = {npj Microgravity},
    author = {Roy-O’Reilly, Meaghan and Mulavara, Ajitkumar and Williams, Thomas},
    number = {1},
    pages = {1--9},
    volume = {7},
    doi = {10.1038/s41526-021-00133-z},
    issn = {23738065}
}

@article{Theodorakis2013,
    title = {{A review of PET normalization: Striving for count rate uniformity}},
    year = {2013},
    journal = {Nuclear Medicine Communications},
    author = {Theodorakis, Lampros and Loudos, George and Prassopoulos, Vasilios and Kappas, Constantin and Tsougos, Ioannis and Georgoulias, Panagiotis},
    number = {11},
    pages = {1033--1045},
    volume = {34},
    doi = {10.1097/MNM.0b013e328365ac1e},
    issn = {01433636},
    keywords = {PET/CT, normalization, quantification}
}

@article{Drew2012,
    title = {{A richer view of aura}},
    year = {2012},
    author = {Drew, By Liam}
}

@article{Li2014,
    title = {{A semi-empirical response function for Gamma-ray of Scintillation detector based on physical interaction mechanism}},
    year = {2014},
    author = {Li, Zhe and Zhang, Yiwen and Sun, Shifeng and Wang, Baoyi and Wei, Long},
    number = {1},
    url = {http://arxiv.org/abs/1407.0799},
    arxivId = {1407.0799},
    keywords = {15, 29, 30, 31, bu, detector response function, gamma-ray, kv, pacs, scintillation detector}
}

@misc{Watson1996,
    title = {{A single scatter simulation technique for scatter correction in 3D PET.pdf.pdf}},
    year = {1996},
    author = {Watson, Charles C. and Newport, D. and Casey, Michael E.},
    pages = {255--268}
}

@article{Purkinje2014,
    title = {{A. Significance}},
    year = {2014},
    author = {Purkinje, Cerebellar and Sequencing, Fluorescentsitu R N A and Connections, Individual Neuronal and Boinc, These and Atlas, Allen Brain},
    number = {C}
}

@article{Hubbard2020,
    title = {{Aberrant salience? Brain hyperactivation in response to pain onset and offset in fibromyalgia.}},
    year = {2020},
    journal = {Arthritis {\&} rheumatology (Hoboken, N.J.)},
    author = {Hubbard, Catherine S and Lazaridou, Asimina and Cahalan, Christine M and Kim, Jieun and Edwards, Robert R and Napadow, Vitaly and Loggia, Marco L},
    number = {617},
    pages = {0--2},
    url = {http://ovidsp.ovid.com/ovidweb.cgi?T=JS&PAGE=reference&D=medp&NEWS=N&AN=32017421},
    isbn = {0000000280},
    doi = {https://dx.doi.org/10.1002/art.41220},
    issn = {2326-5205}
}

@article{Dorgham,
    title = {{Accelerated Generation of Digitally Reconstructed Radiographs using Parallel Processing}},
    author = {Dorgham, Osama and Fisher, Mark and Laycock, Stephen}
}

@article{Lewitt1986,
    title = {{Accelerated Iterative Reconstruction for Positron Emission Tomography Based on the EM Algorithm for Maximum Likelihood Estimation}},
    year = {1986},
    journal = {IEEE Transactions on Medical Imaging},
    author = {Lewitt, Robert M. and Muehllehner, Gerd},
    number = {1},
    pages = {16--22},
    volume = {5},
    doi = {10.1109/TMI.1986.4307734},
    issn = {1558254X}
}

@article{Kruger2003,
    title = {{Acceleration Techniques for GPU-based Volume Rendering}},
    year = {2003},
    journal = {Proceedings of the IEEE Visualization Conference},
    author = {Kr{\"{u}}ger, J. and Westermann, R.},
    pages = {287--292},
    doi = {10.1109/visual.2003.1250384},
    keywords = {Programmable Graphics Hardware, Ray-Casting, Volume Rendering}
}

@article{Danzi2020,
    title = {{Acute pulmonary embolism and COVID-19 pneumonia: a random association?}},
    year = {2020},
    journal = {European heart journal},
    author = {Danzi, Gian Battista and Loffi, Marco and Galeazzi, Gianluca and Gherbesi, Elisa},
    pages = {2020},
    doi = {10.1093/eurheartj/ehaa254},
    issn = {15229645},
    pmid = {32227120}
}

@article{Vachon-Presseau2013,
    title = {{Acute stress contributes to individual differences in pain and pain-related brain activity in healthy and chronic pain patients}},
    year = {2013},
    journal = {Journal of Neuroscience},
    author = {Vachon-Presseau, Etienne and Martel, Marc Oliver and Roy, Mathieu and Caron, Etienne and Albouy, Geneviève and Marin, Marie France and Plante, Isabelle and Sullivan, Michael J. and Lupien, Sonia J. and Rainville, Pierre},
    number = {16},
    pages = {6826--6833},
    volume = {33},
    doi = {10.1523/JNEUROSCI.4584-12.2013},
    issn = {02706474},
    pmid = {23595741}
}

@article{Thielemans2016,
    title = {{Adaptive adjustment of the number of subsets during iterative image reconstruction}},
    year = {2016},
    journal = {2015 IEEE Nuclear Science Symposium and Medical Imaging Conference, NSS/MIC 2015},
    author = {Thielemans, Kris and Arridge, Simon},
    pages = {1--2},
    publisher = {IEEE},
    isbn = {9781467398626},
    doi = {10.1109/NSSMIC.2015.7582225}
}

@article{Kotasidis2014,
    title = {{Advanced kinetic modelling strategies: Towards adoption in clinical PET imaging}},
    year = {2014},
    journal = {Clinical and Translational Imaging},
    author = {Kotasidis, Fotis A. and Tsoumpas, Charalampos and Rahmim, Arman},
    number = {3},
    pages = {219--237},
    volume = {2},
    doi = {10.1007/s40336-014-0069-8},
    issn = {22817565},
    keywords = {4D image reconstruction, Input function, Kinetic modelling, PET, PET/MR, Whole-body imaging}
}

@article{Berker2019,
    title = {{Algorithms for joint activity–attenuation estimation from positron emission tomography scatter}},
    year = {2019},
    journal = {EJNMMI Physics},
    author = {Berker, Yannick and Schulz, Volkmar and Karp, Joel S.},
    number = {1},
    volume = {6},
    publisher = {EJNMMI Physics},
    doi = {10.1186/s40658-019-0254-y},
    issn = {21977364},
    keywords = {Attenuation correction, Compton scattering, Image reconstruction, Positron emission tomography}
}

@article{Berker2019a,
    title = {{Algorithms for joint activity–attenuation estimation from positron emission tomography scatter}},
    year = {2019},
    journal = {EJNMMI Physics},
    author = {Berker, Yannick and Schulz, Volkmar and Karp, Joel S.},
    number = {1},
    volume = {6},
    publisher = {EJNMMI Physics},
    doi = {10.1186/s40658-019-0254-y},
    issn = {21977364},
    keywords = {Attenuation correction, Compton scattering, Image reconstruction, Positron emission tomography}
}

@article{Berker2016,
    title = {{Attenuation correction in emission tomography using the emission data - A review}},
    year = {2016},
    journal = {Medical Physics},
    author = {Berker, Yannick and Li, Yusheng},
    number = {2},
    pages = {807--832},
    volume = {43},
    doi = {10.1118/1.4938264},
    issn = {00942405},
    keywords = {PET, SPECT, attenuation correction, emission data, reconstruction}
}

@article{Liao2013,
    title = {{Automatic and efficient contrast-based 2-D/3-D fusion for trans-catheter aortic valve implantation (TAVI)}},
    year = {2013},
    journal = {Computerized Medical Imaging and Graphics},
    author = {Liao, Rui and Miao, Shun and Zheng, Yefeng},
    number = {2},
    pages = {150--161},
    volume = {37},
    publisher = {Elsevier Ltd},
    url = {http://dx.doi.org/10.1016/j.compmedimag.2013.01.008},
    doi = {10.1016/j.compmedimag.2013.01.008},
    issn = {08956111},
    keywords = {2-D/3-D registration, Contrast agent inflow detection, Image-guided intervention, Minimally invasive procedures, Trans-catheter aortic valve implantation}
}

@article{Carlsson1996,
    title = {{Basic physics of X-ray imaging}},
    year = {1996},
    journal = {Linkoping University},
    author = {Carlsson, Carl A and Carlsson, Gudrun Alm},
    pages = {3--29},
    url = {https://www.diva-portal.org/smash/get/diva2:276160/FULLTEXT02.pdf}
}

@article{Tsai2020,
    title = {{Benefits of Using a Spatially-Variant Penalty Strength with Anatomical Priors in PET Reconstruction}},
    year = {2020},
    journal = {IEEE Transactions on Medical Imaging},
    author = {Tsai, Yu Jung and Schramm, Georg and Ahn, Sangtae and Bousse, Alexandre and Arridge, Simon and Nuyts, Johan and Hutton, Brian F. and Stearns, Charles W. and Thielemans, Kris},
    number = {1},
    pages = {11--22},
    volume = {39},
    publisher = {IEEE},
    doi = {10.1109/TMI.2019.2913889},
    issn = {1558254X},
    keywords = {L-BFGS-B-PC, Positron emission tomography, anatomical prior, linearized local perturbation response (LLPR), spatially-variant penalization}
}

@article{Sampson2020,
    title = {{Brain immunology and immunotherapy in brain tumours}},
    year = {2020},
    journal = {Nature Reviews Cancer},
    author = {Sampson, John H. and Gunn, Michael D. and Fecci, Peter E. and Ashley, David M.},
    number = {1},
    pages = {12--25},
    volume = {20},
    publisher = {Springer US},
    url = {http://dx.doi.org/10.1038/s41568-019-0224-7},
    doi = {10.1038/s41568-019-0224-7},
    issn = {14741768},
    pmid = {31806885}
}

@article{Cunnington2012,
    title = {{ce pte d M an us c rip ce pte d M us}},
    year = {2012},
    author = {Cunnington, Aubrey J and Riley, Eleanor M and Walther, Michael and Diseases, Tropical and Medicine, Tropical and Street, Keppel and Wc, London and Section, Immune Regulation and Immunology, Malaria and Diseases, Infectious and Institutes, National and Rm, Twinbrook I I and Drive, Parklawn and Author, The and Society, Infectious Diseases},
    pages = {1--5}
}

@article{Lewis2019,
    title = {{ce pte d M us pt}},
    year = {2019},
    author = {Lewis, Jacob S and Barani, Zahra and Magana, Andres Sanchez and Kargar, Fariborz},
    pages = {0--31}
}

@article{Shen2018,
    title = {{Clinical PET imaging of microglial activation: Implications for microglial therapeutics in Alzheimer's disease}},
    year = {2018},
    journal = {Frontiers in Aging Neuroscience},
    author = {Shen, Zhiwei and Bao, Xinjie and Wang, Renzhi},
    number = {OCT},
    pages = {1--10},
    volume = {10},
    doi = {10.3389/fnagi.2018.00314},
    issn = {16634365},
    keywords = {Alzheimer's disease, Imaging, Microglia, Phenotype, Therapy}
}

@article{Kim2004,
    title = {{Comparison of experimental and acute clinical pain responses in humans as pain phenotypes}},
    year = {2004},
    journal = {Journal of Pain},
    author = {Kim, Hyungsuk and Neubert, John K. and Rowan, Janet S. and Brahim, Jaime S. and Iadarola, Michael J. and Dionne, Raymond A.},
    number = {7},
    pages = {377--384},
    volume = {5},
    doi = {10.1016/j.jpain.2004.06.003},
    issn = {15265900},
    pmid = {15501195},
    keywords = {Pain, clinical inflammatory pain, cold pressor, phenotype, thermal testing}
}

@article{Wong2001,
    title = {{Comparison of the SSRB, MSRB, and Using Data from a High}},
    year = {2001},
    journal = {Cancer Research},
    author = {Wong, W-h},
    pages = {4--7},
    isbn = {0780365038}
}

@article{Berman1968,
    title = {{Compartmental modelling.}},
    year = {2020},
    journal = {PhD Thesis},
    author = {Emond, E. C.},
    doi = {10.1007/978-3-642-27251-6{\_}1},
    issn = {03705986},
    pmid = {5264779}
}

@article{Cheston1954,
    title = {{Compton scattering}},
    year = {1954},
    journal = {Physical Review},
    author = {Cheston, W. B.},
    number = {1},
    pages = {247--248},
    volume = {95},
    doi = {10.1103/PhysRev.95.247},
    issn = {0031899X}
}

@book{Miao2017,
    title = {{Convolutional Neural Networks for Robust and Real-Time 2-D/3-D Registration}},
    year = {2017},
    booktitle = {Deep Learning for Medical Image Analysis},
    author = {Miao, Shun and Wang, Jane Z. and Liao, Rui},
    edition = {1},
    pages = {271--296},
    publisher = {Elsevier Inc.},
    url = {http://dx.doi.org/10.1016/B978-0-12-810408-8.00016-X},
    isbn = {9780128104095},
    doi = {10.1016/B978-0-12-810408-8.00016-X},
    keywords = {Convolutional neural network, Digitally reconstructed radiograph, Image registration, Regression}
}

@article{Milickovic2000,
    title = {{CT imaging based digitally reconstructed radiographs and their application in brachytherapy}},
    year = {2000},
    journal = {Physics in Medicine and Biology},
    author = {Milickovic, N. and Baltas, D. and Giannouli, S. and Lahanas, M. and Zamboglou, N.},
    number = {10},
    pages = {2787--2800},
    volume = {45},
    doi = {10.1088/0031-9155/45/10/305},
    issn = {00319155},
    pmid = {11049172}
}

@article{Reader2020,
    title = {{Deep Learning for PET Image Reconstruction}},
    year = {2020},
    author = {Reader, Andrew J and Corda, Guillaume and Mehranian, Abolfazl and Costa-luis, Casper and Ellis, Sam and Schnabel, Julia A and Member, Ieee Senior},
    number = {1},
    volume = {7311},
    doi = {10.1109/TRPMS.2020.3014786}
}

@article{Brusaferri2021,
    title = {{Detection Efficiency Modelling and Joint Activity and Attenuation Reconstruction in non-TOF 3D PET from Multiple-Energy Window Data}},
    year = {2021},
    author = {Brusaferri, Ludovica and Emond, Elise C and Bousse, Alexandre and Twyman, Robert and Member, Student and Alexander, C and Member, Student and Atkinson, David and Hutton, Brian F and Member, Senior and Arridge, Simon and Thielemans, Kris and Member, Senior},
    number = {c},
    pages = {1--12},
    volume = {7311},
    isbn = {3000030921},
    doi = {10.1109/TRPMS.2021.3064239}
}

@article{Ollinger1995,
    title = {{Detector Efficiency and Compton Scatter in Fully 3D PET}},
    year = {1995},
    journal = {IEEE Transactions on Nuclear Science},
    author = {Ollinger, John M.},
    number = {4},
    pages = {1168--1173},
    volume = {42},
    doi = {10.1109/23.467731},
    issn = {15581578}
}

@article{Berker2017a,
    title = {{Discrete iterative algorithms for scatter-to-attenuation reconstruction in PET}},
    year = {2017},
    journal = {2016 IEEE Nuclear Science Symposium, Medical Imaging Conference and Room-Temperature Semiconductor Detector Workshop, NSS/MIC/RTSD 2016},
    author = {Berker, Yannick and Schulz, Volkmar and Karp, Joel S.},
    pages = {2--4},
    volume = {2017-Janua},
    isbn = {9781509016426},
    doi = {10.1109/NSSMIC.2016.8069455}
}

@article{Hoeppli2020,
    title = {{DISSOCIATION BETWEEN INDIVIDUAL DIFFERENCES IN SELF-REPORTED PAIN INTENSITY AND UNDERLYING BRAIN ACTIVATION}},
    year = {2020},
    author = {Hoeppli, M. E. et al},
    pages = {1--46}
}

@article{Cai2000,
    title = {{DRR volume rendering using splatting in shear-warp context}},
    year = {2000},
    journal = {IEEE Nuclear Science Symposium and Medical Imaging Conference},
    author = {Cai, Wenli and Sakas, Georgios},
    pages = {12--17},
    volume = {3},
    isbn = {0781336503},
    doi = {10.1109/nssmic.2000.949268}
}

@article{Ellingsen2020,
    title = {{Dynamic brain-to-brain concordance and behavioral mirroring as a mechanism of the patient-clinician interaction}},
    year = {2020},
    journal = {bioRxiv},
    author = {Ellingsen, Dan-mikael and Isenburg, Kylie and Jung, Changjin and Lee, Jeungchan and Gerber, Jessica and Mawla, Ishtiaq and Jensen, Karin B and Edwards, Robert Randolph and Kelley, John M and Kirsch, Irving and Kaptchuk, Ted J and Napadow, Vitaly},
    pages = {2020.08.05.237511},
    url = {http://biorxiv.org/content/early/2020/08/06/2020.08.05.237511.abstract}
}

@article{Mahfouz2005,
    title = {{Effect of segmentation errors on 3D-to-2D registration of implant models in X-ray images}},
    year = {2005},
    journal = {Journal of Biomechanics},
    author = {Mahfouz, Mohamed R. and Hoff, William A. and Komistek, Richard D. and Dennis, Douglas A.},
    number = {2},
    pages = {229--239},
    volume = {38},
    doi = {10.1016/j.jbiomech.2004.02.025},
    issn = {00219290},
    keywords = {3-D to 2-D registration, Pose estimation, Segmentation, TKA knee implants, X-ray fluoroscopy}
}

@article{Kinahan1995,
    title = {{Efficiency normalization techniques for 3D PET data}},
    year = {1995},
    journal = {IEEE Nuclear Science Symposium {\&} Medical Imaging Conference},
    author = {Kinahan, Paul E. and Townsend, David W. and Bailey, Dale L. and Sashin, Donald and Jadali, Fayegh and Mintun, Mark A.},
    pages = {1021--1025},
    volume = {2},
    doi = {10.1109/nssmic.1995.510439}
}

@article{Spect,
    title = {{EJNMMI Physics Dual energy imaging for optimisation of P / V ratios in VP SPECT}},
    author = {Spect, V P},
    isbn = {0000000192941}
}

@article{Lange1984,
    title = {{EM reconstruction algorithms for emission and transmission tomography}},
    year = {1984},
    journal = {Journal of Computer Assisted Tomography},
    author = {Lange, K. and Carson, R.},
    number = {2},
    pages = {306--316},
    volume = {8},
    issn = {03638715},
    pmid = {6608535}
}

@article{Lange1984a,
    title = {{EM reconstruction algorithms for emission and transmission tomography}},
    year = {1984},
    journal = {Journal of Computer Assisted Tomography},
    author = {Lange, K. and Carson, R.},
    number = {2},
    pages = {306--316},
    volume = {8},
    issn = {03638715},
    pmid = {6608535}
}

@article{Madsen2003,
    title = {{Emission based attenuation correction of PET images of the thorax}},
    year = {2003},
    author = {Madsen, M.T. and Lee, J.R.},
    number = {c},
    pages = {967--971},
    volume = {00},
    isbn = {0780356969},
    doi = {10.1109/nssmic.1999.845823}
}

@article{Mehranian2015,
    title = {{Emission-based estimation of lung attenuation coefficients for attenuation correction in time-of-flight PET/MR}},
    year = {2015},
    journal = {Physics in Medicine and Biology},
    author = {Mehranian, Abolfazl and Zaidi, Habib},
    number = {12},
    pages = {4813--4833},
    volume = {60},
    publisher = {IOP Publishing},
    url = {http://dx.doi.org/10.1088/0031-9155/60/12/4813},
    doi = {10.1088/0031-9155/60/12/4813},
    issn = {13616560},
    keywords = {PET/MRI, TOF, attenuation correction, lung attenuation, quantification}
}

@article{Coghill2017,
    title = {{Erratum: Neural correlates of interindividual differences in the subjective experience of pain (Proc Natl Acad Sci USA (2003) 100 (8538-8542) DOI: 10.1073/pnas.1430684100)}},
    year = {2017},
    journal = {Proceedings of the National Academy of Sciences of the United States of America},
    author = {Coghill, Robert C and Mchaffie, John G and Yen, Y},
    number = {48},
    pages = {E10507},
    volume = {114},
    isbn = {1430684100},
    doi = {10.1073/pnas.1719365114},
    issn = {10916490}
}

@article{Rezaei2019b,
    title = {{Estimation of crystal timing properties and efficiencies for the improvement of (joint) maximum-likelihood reconstructions in TOF-PET}},
    year = {2019},
    journal = {IEEE Transactions on Medical Imaging},
    author = {Rezaei, Ahmadreza and Schramm, Georg and Van Laere, Koen and Nuyts, Johan},
    number = {c},
    pages = {1--1},
    volume = {0062},
    publisher = {IEEE},
    doi = {10.1109/tmi.2019.2938028},
    issn = {0278-0062}
}

@article{Birkfellner2010,
    title = {{Europe PMC Funders Group Stochastic rank correlation : A robust merit function for 2D / 3D registration of image data obtained at different energies}},
    year = {2010},
    author = {Birkfellner, Wolfgang and Stock, Markus},
    number = {8},
    pages = {3420--3428},
    volume = {36}
}

@article{Sims1995,
    title = {{Evaluation of digitally reconstructed radiographs (DRRs) used for clinical radiotherapy: A phantom study}},
    year = {1995},
    journal = {Medical Physics},
    author = {Sims, Colin and Das, Indra J.},
    number = {11},
    pages = {1815--1827},
    volume = {22},
    doi = {10.1118/1.597637},
    issn = {NA},
    keywords = {CT simulation, DRR, quality assurance phantom, virtual simulation}
}

@article{Skerl2006,
    title = {{Evaluation of similarity measures for reconstruction-based registration in image-guided radiotherapy and surgery}},
    year = {2006},
    journal = {International Journal of Radiation Oncology Biology Physics},
    author = {{\v{S}}kerl, Darko and Toma{\v{z}}evi{\v{c}}, Dejan and Likar, Boštjan and Pernu{\v{s}}, Franjo},
    number = {3},
    pages = {943--953},
    volume = {65},
    doi = {10.1016/j.ijrobp.2006.03.005},
    issn = {03603016},
    keywords = {Cone-beam CT, Image registration, Image-guided radiotherapy, Similarity measures}
}

@article{Watson1997,
    title = {{Evaluation of simulation-based scatter correction for 3-D PET cardiac imaging}},
    year = {1997},
    journal = {IEEE Transactions on Nuclear Science},
    author = {Watson, C. C. and Newport, D. and Casey, M. E. and Dekemp, R. A. and Beanlands, R. S. and Schmand, M.},
    number = {1},
    pages = {90--97},
    volume = {44},
    doi = {10.1109/23.554831},
    issn = {00189499},
    keywords = {3-D PET, Cardiac, Compton scattering, Heart, Model-based scatter correction, Positron emission tomography, Positron volume imaging, Scatter correction, Single-scatter simulation}
}

@article{Tsoumpas2004,
    title = {{Evaluation of the single scatter simulation algorithm implemented in the STIR library}},
    year = {2004},
    journal = {IEEE Nuclear Science Symposium Conference Record},
    author = {Tsoumpas, C. and Aguiar, P. and Nikita, K. S. and Ros, D. and Thielemans, K.},
    number = {C},
    pages = {3361--3365},
    volume = {6},
    isbn = {0780387007},
    doi = {10.1109/nssmic.2004.1466455},
    issn = {10957863}
}

@article{Loggia2015a,
    title = {{Evidence for brain glial activation in chronic pain patients}},
    year = {2015},
    journal = {Brain},
    author = {Loggia, Marco L. and Chonde, Daniel B. and Akeju, Oluwaseun and Arabasz, Grae and Catana, Ciprian and Edwards, Robert R. and Hill, Elena and Hsu, Shirley and Izquierdo-Garcia, David and Ji, Ru Rong and Riley, Misha and Wasan, Ajay D. and Zurcher, Nicole R. and Albrecht, Daniel S. and Vangel, Mark G. and Rosen, Bruce R. and Napadow, Vitaly and Hooker, Jacob M.},
    number = {3},
    pages = {604--615},
    volume = {138},
    doi = {10.1093/brain/awu377},
    issn = {14602156},
    pmid = {25582579},
    keywords = {11C-PBR28, Chronic pain, Glia, TSPO, Translocator protein (18kDa), neuroinflammation}
}

@article{Defrise1997,
    title = {{Exact and approximate rebinning algorithms for 3-d pet data}},
    year = {1997},
    journal = {IEEE Transactions on Medical Imaging},
    author = {Defrise, Michel and Kinahan, P. E. and Townsend, D. W. and Michel, C. and Sibomana, M. and Newport, D. F.},
    number = {2},
    pages = {145--158},
    volume = {16},
    doi = {10.1109/42.563660},
    issn = {02780062},
    keywords = {Image reconstruction, Medical imaging, Positron emission tomography, X-ray transform}
}

@article{Lipinski1997,
    title = {{Expectation maximization reconstruction of positron emission tomography images using anatomical magnetic resonance information}},
    year = {1997},
    journal = {IEEE Transactions on Medical Imaging},
    author = {Lipinski, B. and Herzog, H. and Rota Kops, E. and Oberschelp, W. and M{\"{u}}ller-G{\"{a}}rtner, H. W.},
    number = {2},
    pages = {129--136},
    volume = {16},
    doi = {10.1109/42.563658},
    issn = {02780062},
    keywords = {Em reconstruction, MRI, PET}
}

@article{Watson2007,
    title = {{Extension of single scatter simulation to scatter correction of time-of-flight PET}},
    year = {2007},
    journal = {IEEE Transactions on Nuclear Science},
    author = {Watson, Charles C.},
    number = {5},
    pages = {1679--1686},
    volume = {54},
    doi = {10.1109/TNS.2007.901227},
    issn = {00189499},
    keywords = {PET, Scatter correction, Single scatter simulation (SSS), Time-of-flight (TOF)}
}

@article{Tsai2018,
    title = {{Fast Quasi-Newton Algorithms for Penalized Reconstruction in Emission Tomography and Further Improvements via Preconditioning}},
    year = {2018},
    journal = {IEEE Transactions on Medical Imaging},
    author = {Tsai, Yu Jung and Bousse, Alexandre and Ehrhardt, Matthias J. and Stearns, Charles W. and Ahn, Sangtae and Hutton, Brian F. and Arridge, Simon and Thielemans, Kris},
    number = {4},
    pages = {1000--1010},
    volume = {37},
    publisher = {IEEE},
    doi = {10.1109/TMI.2017.2786865},
    issn = {1558254X},
    keywords = {Emission tomography, L-BFGS-B, penalized reconstruction, preconditioning}
}

@article{Zhang2014,
    title = {{Feasibility of Scatter B Based Electron Density Recon nstruction for Attenuation Correct tion in Positron Emission Tom mography}},
    year = {2014},
    author = {Zhang, Geng},
    number = {1},
    pages = {3--5},
    isbn = {9781479960972}
}

@article{DiazGarcia2015,
    title = {{Feature-preserving downsampling for medical images}},
    year = {2015},
    journal = {EuroVis 2015: The EG/VGTC Conference on Visualization: Posters track},
    author = {D{\'{i}}az Garc{\'{i}}a, Jesús and Brunet Crosa, Pere and Navazo {\'{A}}lvaro, Isabel and P{\'{e}}rez, Frederic and V{\'{a}}zquez Alcocer, Pere Pau},
    url = {https://upcommons.upc.edu/handle/2117/85388},
    keywords = {Imatges tridimensionals en medicina, Rendering (Computer graphics), Three dimensional imaging in medicine, {\`{A}}rees tem{\`{a}}tiques de la UPC::Inform{\`{a}}tica::Infografi}
}

@article{Conti2011,
    title = {{Focus on time-of-flight PET: The benefits of improved time resolution}},
    year = {2011},
    journal = {European Journal of Nuclear Medicine and Molecular Imaging},
    author = {Conti, Maurizio},
    number = {6},
    pages = {1147--1157},
    volume = {38},
    doi = {10.1007/s00259-010-1711-y},
    issn = {16197089},
    keywords = {Detectability, Dose, Image quality, Signal-to-noise, TOF PET, Time resolution, Time-of-flight}
}

@article{Chao2020,
    title = {{Fusing Physics-based and Deep Learning Models for Prognostics}},
    year = {2020},
    author = {Chao, Manuel Arias and Kulkarni, Chetan and Goebel, Kai and Fink, Olga},
    url = {http://arxiv.org/abs/2003.00732},
    arxivId = {2003.00732}
}

@article{Powell2016,
    title = {{Gradient-based quantitative image reconstruction in ultrasound-modulated optical tomography: First harmonic measurement type in a linearised diffusion formulation}},
    year = {2016},
    journal = {IEEE Transactions on Medical Imaging},
    author = {Powell, Samuel and Arridge, Simon R. and Leung, Terence S.},
    number = {2},
    pages = {456--467},
    volume = {35},
    doi = {10.1109/TMI.2015.2478742},
    issn = {1558254X},
    arxivId = {1409.2035},
    keywords = {Acousto-optic effects, Finite element analysis, Gradient methods, Inverse problems, Ultrasound-modulated optical tomography}
}

@article{Markiewicz2007,
    title = {{High accuracy multiple scatter modelling for 3D whole body PET}},
    year = {2007},
    journal = {Physics in Medicine and Biology},
    author = {Markiewicz, P. J. and Tamal, M. and Julyan, P. J. and Hastings, D. L. and Reader, A. J.},
    number = {3},
    pages = {829--847},
    volume = {52},
    doi = {10.1088/0031-9155/52/3/021},
    issn = {00319155}
}

@article{Zanotti-Fregonara2011,
    title = {{Image-derived input function for brain PET studies: Many challenges and few opportunities}},
    year = {2011},
    journal = {Journal of Cerebral Blood Flow and Metabolism},
    author = {Zanotti-Fregonara, Paolo and Chen, Kewei and Liow, Jeih San and Fujita, Masahiro and Innis, Robert B.},
    number = {10},
    pages = {1986--1998},
    volume = {31},
    publisher = {Nature Publishing Group},
    url = {http://dx.doi.org/10.1038/jcbfm.2011.107},
    doi = {10.1038/jcbfm.2011.107},
    issn = {0271678X},
    pmid = {21811289},
    keywords = {PET, derived input function, kinetic modeling, neuroreceptor tracers}
}

@article{Albrecht2019a,
    title = {{Imaging of neuroinflammation in migraine with aura: A [11C]PBR28 PET/MRI study}},
    year = {2019},
    journal = {Neurology},
    author = {Albrecht, Daniel S. and Mainero, Caterina and Ichijo, Eri and Ward, Noreen and Granziera, Cristina and Z{\"{u}}rcher, Nicole R. and Akeju, Oluwaseun and Bonnier, Guillaume and Price, Julie and Hooker, Jacob M. and Napadow, Vitaly and Loggia, Marco L. and Hadjikhani, Nouchine},
    number = {17},
    pages = {E2038-E2050},
    volume = {92},
    isbn = {0000000000},
    doi = {10.1212/WNL.0000000000007371},
    issn = {1526632X},
    pmid = {30918090}
}

@article{Cabello2019,
    title = {{Impact of non-uniform attenuation correction in a dynamic [18F]-FDOPA brain PET/MRI study}},
    year = {2019},
    journal = {EJNMMI Research},
    author = {Cabello, Jorge and Avram, Mihai and Brandl, Felix and Mustafa, Mona and Scherr, Martin and Leucht, Claudia and Leucht, Stefan and Sorg, Christian and Ziegler, Sibylle I.},
    number = {1},
    volume = {9},
    publisher = {EJNMMI Research},
    doi = {10.1186/s13550-019-0547-0},
    issn = {2191219X},
    keywords = {MR-based attenuation correction, PET/MRI, Patlak, Simplified reference tissue model, [18F]-FDOPA-PET}
}

@article{Mehranian2015b,
    title = {{Impact of time-of-flight PET on quantification errors in MR imaging-based attenuation correction}},
    year = {2015},
    journal = {Journal of Nuclear Medicine},
    author = {Mehranian, Abolfazl and Zaidi, Habib},
    number = {4},
    pages = {635--641},
    volume = {56},
    doi = {10.2967/jnumed.114.148817},
    issn = {01615505},
    keywords = {Attenuation correction, PET/MRI, Quantification, TOF, Whole-body imaging}
}

@article{Efthimiou2019,
    title = {{Implementation and validation of time-of-flight PET image reconstruction module for listmode and sinogram projection data in the STIR library}},
    year = {2019},
    journal = {Physics in Medicine and Biology},
    author = {Efthimiou, Nikos and Emond, Elise and Wadhwa, Palak and Cawthorne, Christopher and Tsoumpas, Charalampos and Thielemans, Kris},
    number = {3},
    volume = {64},
    publisher = {IOP Publishing},
    doi = {10.1088/1361-6560/aaf9b9},
    issn = {13616560},
    keywords = {Monte Carlo, computer simulations, medical imaging, open-source software, positron emission tomography, radionuclide imaging, time-of-flight}
}

@article{Holman2018,
    title = {{Improved quantitation and reproducibility in multi-PET/CT lung studies by combining CT information}},
    year = {2018},
    journal = {EJNMMI Physics},
    author = {Holman, Beverley F. and Cuplov, Vesna and Millner, Lynn and Endozo, Raymond and Maher, Toby M. and Groves, Ashley M. and Hutton, Brian F. and Thielemans, Kris},
    number = {1},
    pages = {1--14},
    volume = {5},
    publisher = {EJNMMI Physics},
    doi = {10.1186/s40658-018-0212-0},
    issn = {21977364},
    keywords = {Attenuation correction, Density, Dynamic PET, Lung, PET/CT, Quantitation, Respiration}
}

@article{Emond2020,
    title = {{Improving Quantification of Dynamic PET / CT Biomarkers in the Fibrotic Lung for the Evaluation of Disease Progression and Treatment Effectiveness}},
    year = {2020},
    author = {Emond, Elise Claudine},
    isbn = {3000030921}
}

@article{Albrecht2016,
    title = {{In Vivo Imaging of Human Neuroinflammation}},
    year = {2016},
    journal = {ACS Chemical Neuroscience},
    author = {Albrecht, Daniel S. and Granziera, Cristina and Hooker, Jacob M. and Loggia, Marco L.},
    number = {4},
    pages = {470--483},
    volume = {7},
    doi = {10.1021/acschemneuro.6b00056},
    issn = {19487193},
    pmid = {26985861},
    keywords = {MRS, Neuroimmunology, astrocyte, blood-brain barrier, brain imaging, microglia}
}

@article{Zhao2019,
    title = {{Incorporating imaging information from deep neural network layers into image guided radiation therapy (IGRT)}},
    year = {2019},
    journal = {Radiotherapy and Oncology},
    author = {Zhao, Wei and Han, Bin and Yang, Yong and Buyyounouski, Mark and Hancock, Steven L and Bagshaw, Hilary and Xing, Lei},
    month = {11},
    pages = {167--174},
    volume = {140},
    publisher = {Elsevier},
    url = {https://doi.org/10.1016/j.radonc.2019.06.027},
    doi = {10.1016/j.radonc.2019.06.027},
    issn = {0167-8140}
}

@article{DATKO202245,
    title = {{Insula Response to Interoception Is Inversely Correlated with Trait Mindfulness, Self-compassion, and Migraine Frequency in Patients with Episodic Migraine}},
    year = {2022},
    journal = {The Journal of Pain},
    author = {Datko, Michael and Schuman-Olivier, Zev and Brusaferri, Ludovica and Housman, Hope and Tohyama, Sarasa and Round, Kassandra and Garcia, Ronald and Gollub, Randy and Edwards, Robert and Rosen, Bruce and Hadjikhani, Nouchine and Cheng, Hsinlin and Loggia, Marco and Napadow, Vitaly},
    number = {5, Supplement},
    pages = {45},
    volume = {23},
    url = {https://www.sciencedirect.com/science/article/pii/S1526590022002188},
    doi = {https://doi.org/10.1016/j.jpain.2022.03.171},
    issn = {1526-5900}
}

@article{Holdsworth2001,
    title = {{Investigation of accelerated Monte Carlo techniques for PET simulation and 3D PET scatter correction}},
    year = {2001},
    journal = {IEEE Transactions on Nuclear Science},
    author = {Holdsworth, C. H. and Levin, C. S. and Farquhar, T. H. and Dahlbom, M. and Hoffman, E. J.},
    number = {1 I},
    pages = {74--81},
    volume = {48},
    doi = {10.1109/23.910835},
    issn = {00189499}
}

@article{Nuyts1998,
    title = {{Iterative reconstruction for helical CT: A simulation study}},
    year = {1998},
    journal = {Physics in Medicine and Biology},
    author = {Nuyts, John and De Man, Bruno and Dupont, Patrick and Defrise, Michel and Suetens, Paul and Mortelmans, Luc},
    number = {4},
    pages = {729--737},
    volume = {43},
    doi = {10.1088/0031-9155/43/4/003},
    issn = {00319155},
    pmid = {9572499}
}

@article{Qi2006,
    title = {{Iterative reconstruction techniques in emission computed tomography}},
    year = {2006},
    journal = {Physics in Medicine and Biology},
    author = {Qi, Jinyi and Leahy, Richard M.},
    number = {15},
    volume = {51},
    doi = {10.1088/0031-9155/51/15/R01},
    issn = {00319155}
}

@article{Feng2018,
    title = {{Joint activity and attenuation estimation for PET with TOF data and single events}},
    year = {2018},
    journal = {Physics in Medicine and Biology},
    author = {Feng, Tao and Wang, Jizhe and Li, Hongdi},
    number = {24},
    volume = {63},
    publisher = {IOP Publishing},
    doi = {10.1088/1361-6560/aaf0bc},
    issn = {13616560},
    keywords = {PET imaging, attenuation correction, quantitative reconstruction, single events}
}

@article{Brusaferri2019,
    title = {{Joint Activity, Attenuation and Scatter Estimation from Multiple Energy Window Data in non-TOF 3D PET (submitted)}},
    year = {2019},
    journal = {Transaction on Medical Imaging},
    author = {Brusaferri, L and Bousse, A and Emond, E and Brown, R and Tsai, Y.-J. and Atkinson, D and Ourselin, S and Watson, C C and Hutton, B F and Arridge, S and Thielemans, K},
    number = {March},
    isbn = {3000030921},
    doi = {10.1109/TRPMS.2020.2978449}
}

@article{Bousse2017,
    title = {{Joint activity/attenuation reconstruction in SPECT using photopeak and scatter sinograms}},
    year = {2017},
    journal = {2016 IEEE Nuclear Science Symposium, Medical Imaging Conference and Room-Temperature Semiconductor Detector Workshop, NSS/MIC/RTSD 2016},
    author = {Bousse, Alexandre and Sidlesky, Avishay and Roth, Nathaniel and Rashidnasab, Alaleh and Thielemans, Kris and Hutton, Brian F.},
    volume = {2017-Janua},
    isbn = {9781509016426},
    doi = {10.1109/NSSMIC.2016.8069448},
    keywords = {Attenuation estimation, Maximum-likelihood, SPECT, Scatter}
}

@article{Yang2018,
    title = {{Joint Correction of Attenuation and Scatter Using Deep Convolutional Neural Networks (DCNN) for Time-of-Flight PET}},
    year = {2018},
    author = {Yang, Jaewon and Park, Dookun and Sohn, Jae Ho and Wang, Zhen Jane and Gullberg, Grant T. and Seo, Youngho},
    pages = {16--19},
    url = {http://arxiv.org/abs/1811.11852},
    arxivId = {1811.11852}
}

@article{Ahn2018,
    title = {{Joint estimation of activity and attenuation for PET using pragmatic MR-based prior: Application to clinical TOF PET/MR whole-body data for FDG and non-FDG tracers}},
    year = {2018},
    journal = {Physics in Medicine and Biology},
    author = {Ahn, Sangtae and Cheng, Lishui and Shanbhag, Dattesh D. and Qian, Hua and Kaushik, Sandeep S. and Jansen, Floris P. and Wiesinger, Florian},
    number = {4},
    volume = {63},
    publisher = {IOP Publishing},
    doi = {10.1088/1361-6560/aaa8a6},
    issn = {13616560},
    keywords = {MLAA, PET/MR, TOF, attenuation correction, joint estimation}
}

@article{Mehranian2015a,
    title = {{Joint Estimation of Activity and Attenuation in Whole-Body TOF PET/MRI Using Constrained Gaussian Mixture Models}},
    year = {2015},
    journal = {IEEE Transactions on Medical Imaging},
    author = {Mehranian, Abolfazl and Zaidi, Habib},
    number = {9},
    pages = {1808--1821},
    volume = {34},
    doi = {10.1109/TMI.2015.2409157},
    issn = {1558254X},
    keywords = {Attenuation correction, Gaussian mixture models, MLAA, TOF PET/MRI, reconstruction}
}

@article{Kazantsev2018,
    title = {{Joint image reconstruction method with correlative multi-channel prior for x-ray spectral computed tomography}},
    year = {2018},
    journal = {Inverse Problems},
    author = {Kazantsev, Daniil and J{\o}rgensen, Jakob S. and Andersen, Martin S. and Lionheart, William R.B. and Lee, Peter D. and Withers, Philip J.},
    number = {6},
    volume = {34},
    doi = {10.1088/1361-6420/aaba86},
    issn = {13616420},
    keywords = {image reconstruction, inverse problems, materials science, multi-spectral, structural regularization, total variation, x-ray imaging}
}

@article{Rashidnasab2017,
    title = {{Joint reconstruction of activity and attenuation in dynamic PET}},
    year = {2017},
    journal = {2016 IEEE Nuclear Science Symposium, Medical Imaging Conference and Room-Temperature Semiconductor Detector Workshop, NSS/MIC/RTSD 2016},
    author = {Rashidnasab, Alaleh and Bousse, Alexandre and Holman, Beverley F. and Hutton, Brian F. and Thielemans, Kris},
    number = {1},
    pages = {2--4},
    volume = {2017-Janua},
    isbn = {9781509016426},
    doi = {10.1109/NSSMIC.2016.8069456},
    keywords = {DMLAA, Dynamic PET, Joint activity and attenuation estimation, MLAA}
}

@article{Rigie2015,
    title = {{Joint reconstruction of multi-channel, spectral CT data via constrained total nuclear variation minimization}},
    year = {2015},
    journal = {Physics in Medicine and Biology},
    author = {Rigie, David S. and La Rivi{\`{e}}re, Patrick J.},
    number = {5},
    pages = {1741--1762},
    volume = {60},
    doi = {10.1088/0031-9155/60/5/1741},
    issn = {13616560},
    arxivId = {1409.7712},
    keywords = {image reconstruction, multi-channel, multi-spectral, nuclear norm, photon counting, spectral CT, total variation}
}

@article{Berker2018a,
    title = {{Joint Reconstruction of PET Attenuation and Activity from Scattered and Unscattered Data}},
    year = {2018},
    journal = {2017 IEEE Nuclear Science Symposium and Medical Imaging Conference, NSS/MIC 2017 - Conference Proceedings},
    author = {Berker, Yannick and Karp, Joel S. and Schulz, Volkmar},
    number = {1},
    pages = {2--4},
    isbn = {9781538622827},
    doi = {10.1109/NSSMIC.2017.8532746},
    keywords = {Compton scattering, PET, algorithms, attenuation, image reconstruction}
}

@article{Ehrhardt2015,
    title = {{Joint reconstruction of PET-MRI by exploiting structural similarity}},
    year = {2015},
    journal = {Inverse Problems},
    author = {Ehrhardt, Matthias J. and Thielemans, Kris and Pizarro, Luis and Atkinson, David and Ourselin, Sébastien and Hutton, Brian F. and Arridge, Simon R.},
    number = {1},
    volume = {31},
    publisher = {IOP Publishing},
    doi = {10.1088/0266-5611/31/1/015001},
    issn = {13616420},
    keywords = {Anisotropic diffusion, Compressed sensing, Joint inversion, Joint reconstruction, Magnetic resonance imaging, Positron emission tomography, Structural similarity}
}

@article{Wimberley2020,
    title = {{Kinetic modeling and parameter estimation of TSPO PET imaging in the human brain}},
    year = {2020},
    journal = {EJNM},
    author = {Wimberley, C. et al}
}

@article{Morris2004,
    title = {{Kinetic Modeling in Positron Emission Tomography}},
    year = {2004},
    journal = {Emission Tomography: The Fundamentals of PET and SPECT},
    author = {Morris, Evan D. and Endres, Christopher J. and Schmidt, Kathleen C. and Christian, Bradley T. and Muzic, Raymond F. and Fisher, Ronald E.},
    pages = {499--540},
    isbn = {9780080521879},
    doi = {10.1016/B978-012744482-6.50026-0},
    issn = {1125-0135}
}

@article{Rizzo2014,
    title = {{Kinetic modeling without accounting for the vascular component impairs the quantification of [11C]PBR28 brain PET data}},
    year = {2014},
    journal = {Journal of Cerebral Blood Flow and Metabolism},
    author = {Rizzo, Gaia and Veronese, Mattia and Tonietto, Matteo and Zanotti-Fregonara, Paolo and Turkheimer, Federico E. and Bertoldo, Alessandra},
    number = {6},
    pages = {1060--1069},
    volume = {34},
    publisher = {Nature Publishing Group},
    url = {http://dx.doi.org/10.1038/jcbfm.2014.55},
    doi = {10.1038/jcbfm.2014.55},
    issn = {15597016},
    pmid = {24667911},
    keywords = {PK11195, TSPO, kinetic modeling, microglia, neuroinflammation}
}

@article{Veronese2018,
    title = {{Kinetic modelling of [ 11 C]PBR28 for 18 kDa translocator protein PET data: A validation study of vascular modelling in the brain using XBD173 and tissue analysis}},
    year = {2018},
    journal = {Journal of Cerebral Blood Flow and Metabolism},
    author = {Veronese, Mattia and Reis Marques, Tiago and Bloomfield, Peter S. and Rizzo, Gaia and Singh, Nisha and Jones, Deborah and Agushi, Erjon and Mosses, Dominic and Bertoldo, Alessandra and Howes, Oliver and Roncaroli, Federico and Turkheimer, Federico E.},
    number = {7},
    pages = {1227--1242},
    volume = {38},
    doi = {10.1177/0271678X17712388},
    issn = {15597016},
    pmid = {28580888},
    keywords = {3D modelling, TSPO, XBD173, [ 11 C]PBR28, endothelium, immunohistochemistry, kinetic modelling}
}

@article{Gong2018a,
    title = {{Learning Personalized Representation for Inverse Problems in Medical Imaging Using Deep Neural Network}},
    year = {2018},
    author = {Gong, Kuang and Kim, Kyungsang and Cui, Jianan and Guo, Ning and Catana, Ciprian and Qi, Jinyi and Li, Quanzheng},
    pages = {1--11},
    url = {http://arxiv.org/abs/1807.01759},
    arxivId = {1807.01759}
}

@article{Dimov2011,
    title = {{Lecture Notes in Computer Science (including subseries Lecture Notes in Artificial Intelligence and Lecture Notes in Bioinformatics): Preface}},
    year = {2011},
    journal = {Lecture Notes in Computer Science (including subseries Lecture Notes in Artificial Intelligence and Lecture Notes in Bioinformatics)},
    author = {Dimov, Ivan and Dimova, Stefka and Kolkovska, Natalia},
    number = {January 2014},
    volume = {6046 LNCS},
    isbn = {9783642184659},
    doi = {10.1007/978-3-642-18466-6},
    issn = {03029743}
}

@article{Jin2013,
    title = {{List-mode reconstruction for the Biograph mCT with physics modeling and event-by-event motion correction}},
    year = {2013},
    journal = {Physics in Medicine and Biology},
    author = {Jin, Xiao and Chan, Chung and Mulnix, Tim and Panin, Vladimir and Casey, Michael E. and Liu, Chi and Carson, Richard E.},
    number = {16},
    pages = {5567--5591},
    volume = {58},
    doi = {10.1088/0031-9155/58/16/5567},
    issn = {00319155}
}

@article{Berker2012,
    title = {{Lung attenuation coefficient estimation using Maximum Likelihood reconstruction of attenuation and activity for PET/MR attenuation correction}},
    year = {2012},
    journal = {IEEE Nuclear Science Symposium Conference Record},
    author = {Berker, Yannick and Salomon, Andre and Kiessling, Fabian and Schulz, Volkmar},
    pages = {2282--2284},
    isbn = {9781467320306},
    doi = {10.1109/NSSMIC.2012.6551518},
    issn = {10957863}
}

@article{Brown2015,
    title = {{Lung density changes with growth and inflation}},
    year = {2015},
    journal = {Chest},
    author = {Brown, Robert H. and Wise, Robert A. and Kirk, Gregory and Drummond, M. Bradley and Mitzner, Wayne},
    number = {4},
    pages = {995--1002},
    volume = {148},
    doi = {10.1378/chest.15-0264},
    issn = {19313543}
}

@article{Kuttner2020,
    title = {{Machine learning derived input-function in a dynamic 18F-FDG PET study of mice}},
    year = {2020},
    journal = {Biomedical Physics and Engineering Express},
    author = {Kuttner, Samuel and Wickstrm, Kristoffer Knutsen and Kalda, Gustav and Dorraji, S. Esmaeil and Martin-Armas, Montserrat and Oteiza, Ana and Jenssen, Robert and Fenton, Kristin and Sundset, Rune and Axelsson, Jan},
    number = {1},
    volume = {6},
    publisher = {IOP Publishing},
    doi = {10.1088/2057-1976/ab6496},
    issn = {20571976},
    keywords = {PET, compartment modelling, input-function, machine learning}
}

@article{Kuttner_2020,
    title = {{Machine learning derived input-function in a dynamic 18F-FDG PET study of mice}},
    year = {2020},
    journal = {Biomedical Physics {\&} Engineering Express},
    author = {Kuttner, Samuel and Wickstr{\o}m, Kristoffer Knutsen and Kalda, Gustav and Dorraji, S Esmaeil and Martin-Armas, Montserrat and Oteiza, Ana and Jenssen, Robert and Fenton, Kristin and Sundset, Rune and Axelsson, Jan},
    number = {1},
    month = {1},
    pages = {15020},
    volume = {6},
    publisher = {IOP Publishing},
    url = {https://dx.doi.org/10.1088/2057-1976/ab6496},
    doi = {10.1088/2057-1976/ab6496}
}

@article{Wang2020,
    title = {{Machine Learning in Quantitative PET Imaging}},
    year = {2020},
    author = {Wang, Tonghe and Lei, Yang and Fu, Yabo and Curran, Walter J. and Liu, Tian and Yang, Xiaofeng},
    pages = {1--25},
    url = {http://arxiv.org/abs/2001.06597},
    arxivId = {2001.06597}
}

@book{Jung2020,
    title = {{Magnetic resonance imaging of neuroinflammation in chronic pain}},
    year = {2020},
    booktitle = {Pain},
    author = {Jung, Changjin and Ichesco, Eric and Ratai, Eva-Maria and Gonzalez, R. Gilberto and Burdo, Tricia and Loggia, Marco L. and Harris, Richard E and Napadow, Vitaly},
    pages = {1},
    isbn = {0000000000},
    doi = {10.1097/j.pain.0000000000001815},
    issn = {0304-3959},
    pmid = {31990749}
}

@article{Jung2020a,
    title = {{Magnetic resonance imaging of neuroinflammation in chronic pain: a role for astrogliosis?}},
    year = {2020},
    journal = {Pain},
    author = {Jung, Changjin and Ichesco, Eric and Ratai, Eva Maria and Gonzalez, Ramon Gilberto and Burdo, Tricia and Loggia, Marco L. and Harris, Richard E. and Napadow, Vitaly},
    number = {7},
    pages = {1555--1564},
    volume = {161},
    isbn = {0000000000},
    doi = {10.1097/j.pain.0000000000001815},
    issn = {18726623},
    pmid = {31990749},
    keywords = {astrogliosis, chronic pain, fibromyalgia, neuroinflammation, pain interference}
}

@article{Shepp1982,
    title = {{Maximum Likelihood Reconstruction for Emission Tomography}},
    year = {1982},
    journal = {IEEE Transactions on Medical Imaging},
    author = {Shepp, L. A. and Vardi, Y.},
    number = {2},
    pages = {113--122},
    volume = {1},
    doi = {10.1109/TMI.1982.4307558},
    issn = {1558254X}
}

@article{Brusaferri2018a,
    title = {{Maximum-likelihood estimation of emission and attenuation images in 3D PET from multiple energy window measurements}},
    year = {2018},
    journal = {2018 IEEE Nuclear Science Symposium and Medical Imaging Conference, NSS/MIC 2018 - Proceedings},
    author = {Brusaferri, Ludovica and Bousse, Alexandre and Tsai, Yu Jung and Atkinson, David and Ourselin, Sebastien and Hutton, Brian F. and Arridge, Simon and Thielemans, Kris},
    pages = {5--7},
    isbn = {9781538684948},
    doi = {10.1109/NSSMIC.2018.8824557}
}

@article{Hogg2002,
    title = {{Maximum-likelihood estimation of normalisation factors for PET}},
    year = {2002},
    journal = {IEEE Nuclear Science Symposium and Medical Imaging Conference},
    author = {Hogg, D. and Thielemans, K. and Spinks, T. and Spyrou, N.},
    pages = {2065--2069},
    volume = {4},
    publisher = {IEEE},
    isbn = {0780373243},
    doi = {10.1109/NSSMIC.2001.1009231},
    issn = {10957863}
}

@article{Bousse2016,
    title = {{Maximum-likelihood joint image reconstruction/motion estimation in attenuation-corrected respiratory gated PET/CT using a single attenuation map}},
    year = {2016},
    journal = {IEEE Transactions on Medical Imaging},
    author = {Bousse, Alexandre and Bertolli, Ottavia and Atkinson, David and Arridge, Simon and Ourselin, Sébastien and Hutton, Brian F. and Thielemans, Kris},
    number = {1},
    pages = {217--228},
    volume = {35},
    doi = {10.1109/TMI.2015.2464156},
    issn = {1558254X},
    keywords = {Attenuation correction, Attenuation mismatch, Direct motion estimation, Gated PET, Image reconstruction, Maximum-likelihood}
}

@article{Boveiri2020,
    title = {{Medical Image Registration Using Deep Neural Networks: A Comprehensive Review}},
    year = {2020},
    author = {Boveiri, Hamid Reza and Khayami, Raouf and Javidan, Reza and MehdiZadeh, Ali Reza},
    number = {Hajnal 2001},
    pages = {1--45},
    url = {http://arxiv.org/abs/2002.03401},
    arxivId = {2002.03401},
    keywords = {cnn, convolutional neural network, deep learning, deep reinforcement learning, deformable, gan, generative adversarial network, image-guided intervention, medical image registration, one-, registration, saes, shot registration, staked auto-encoders}
}

@article{Defrise2016,
    title = {{ML estimation of the scatter scaling in TOF PET}},
    year = {2016},
    journal = {2014 IEEE Nuclear Science Symposium and Medical Imaging Conference, NSS/MIC 2014},
    author = {Defrise, Michel and Salvo, Koen and Rezaei, Ahmadreza and Nuyts, Johan and Panin, Vladimir and Casey, Michael},
    number = {1},
    pages = {1--5},
    publisher = {IEEE},
    isbn = {9781479960972},
    doi = {10.1109/NSSMIC.2014.7430898}
}

@article{Hauptmann2018,
    title = {{Model-Based Learning for Accelerated, Limited-View 3-D Photoacoustic Tomography}},
    year = {2018},
    journal = {IEEE Transactions on Medical Imaging},
    author = {Hauptmann, Andreas and Lucka, Felix and Betcke, Marta and Huynh, Nam and Adler, Jonas and Cox, Ben and Beard, Paul and Ourselin, Sebastien and Arridge, Simon},
    number = {6},
    pages = {1382--1393},
    volume = {37},
    doi = {10.1109/TMI.2018.2820382},
    issn = {1558254X},
    arxivId = {1708.09832},
    keywords = {Deep learning, convolutional neural networks, iterative reconstruction, photoacoustic tomography}
}

@article{Ollinger1996,
    title = {{Model-based scatter correction for fully 3D PET}},
    year = {1996},
    journal = {Physics in Medicine and Biology},
    author = {Ollinger, John M.},
    number = {1},
    pages = {153--176},
    volume = {41},
    doi = {10.1088/0031-9155/41/1/012},
    issn = {00319155},
    pmid = {8685253}
}

@article{Mecheter2020,
    title = {{MR Image-Based Attenuation Correction of Brain PET Imaging: Review of Literature on Machine Learning Approaches for Segmentation}},
    year = {2020},
    journal = {Journal of Digital Imaging},
    author = {Mecheter, Imene and Alic, Lejla and Abbod, Maysam and Amira, Abbes and Ji, Jim},
    number = {5},
    pages = {1224--1241},
    volume = {33},
    publisher = {Journal of Digital Imaging},
    doi = {10.1007/s10278-020-00361-x},
    issn = {1618727X},
    pmid = {32607906},
    keywords = {Deep learning, Image segmentation, MR image-based attenuation correction, Machine learning, PET/MR}
}

@article{Mehranian2017,
    title = {{MR-guided joint reconstruction of activity and attenuation in brain PET-MR}},
    year = {2017},
    journal = {NeuroImage},
    author = {Mehranian, Abolfazl and Zaidi, Habib and Reader, Andrew J.},
    number = {June},
    pages = {276--288},
    volume = {162},
    publisher = {Elsevier Ltd},
    url = {https://doi.org/10.1016/j.neuroimage.2017.09.006},
    doi = {10.1016/j.neuroimage.2017.09.006},
    issn = {10959572},
    keywords = {Attenuation correction, Brain imaging, PET-MR, Quantification, Segmentation}
}

@article{Coghill2003,
    title = {{Neural correlates of interindividual differences in the subjective experience of pain}},
    year = {2003},
    journal = {Proceedings of the National Academy of Sciences},
    author = {Coghill, Robert C. and McHaffie, John G. and Yen, Yi-Fen},
    number = {14},
    month = {7},
    pages = {8538--8542},
    volume = {100},
    publisher = {National Academy of Sciences},
    url = {https://www.pnas.org/content/100/14/8538},
    doi = {10.1073/PNAS.1430684100},
    issn = {0027-8424},
    pmid = {12824463}
}

@article{Coghill2003a,
    title = {{Neural correlates of interindividual differences in the subjective experience of pain.}},
    year = {2003},
    journal = {Proceedings of the National Academy of Sciences of the United States of America},
    author = {Coghill, Robert C and McHaffie, John G and Yen, Yi-Fen},
    number = {14},
    month = {7},
    pages = {8538--42},
    volume = {100},
    publisher = {National Academy of Sciences},
    url = {http://www.ncbi.nlm.nih.gov/pubmed/12824463 http://www.pubmedcentral.nih.gov/articlerender.fcgi?artid=PMC166264},
    doi = {10.1073/pnas.1430684100},
    issn = {0027-8424},
    pmid = {12824463}
}

@article{Herranz2016,
    title = {{Neuroinflammatory component of gray matter pathology in multiple sclerosis}},
    year = {2016},
    journal = {Annals of Neurology},
    author = {Herranz, Elena and Giann{\`{i}}, Costanza and Louapre, Céline and Treaba, Constantina A. and Govindarajan, Sindhuja T. and Ouellette, Russell and Loggia, Marco L. and Sloane, Jacob A. and Madigan, Nancy and Izquierdo-Garcia, David and Ward, Noreen and Mangeat, Gabriel and Granberg, Tobias and Klawiter, Eric C. and Catana, Ciprian and Hooker, Jacob M. and Taylor, Norman and Ionete, Carolina and Kinkel, Revere P. and Mainero, Caterina},
    number = {5},
    pages = {776--790},
    volume = {80},
    doi = {10.1002/ana.24791},
    issn = {15318249}
}

@article{Miao2016,
    title = {{No Title}},
    author = {Wang, Z Jane},
    pages = {2--6},
    arxivId = {arXiv:1507.07505v3}
}

@article{Guerin2011,
    title = {{Novel scatter compensation of list-mode PET data using spatial and energy dependent corrections}},
    year = {2011},
    journal = {IEEE Transactions on Medical Imaging},
    author = {Guerin, Bastien and El Fakhri, Georges},
    number = {3},
    pages = {759--773},
    volume = {30},
    doi = {10.1109/TMI.2010.2095025},
    issn = {02780062},
    keywords = {Absolute quantification, energy information, fully three-dimensional (3-D) reconstruction, list-mode positron emission tomography (PET) data, scatter correction}
}

@article{Berker2017,
    title = {{Numerical Algorithms for Scatter-to-Attenuation Reconstruction in PET: Empirical Comparison of Convergence, Acceleration, and the Effect of Subsets}},
    year = {2017},
    journal = {IEEE Transactions on Radiation and Plasma Medical Sciences},
    author = {Berker, Yannick and Karp, Joel S. and Schulz, Volkmar},
    number = {5},
    pages = {426--434},
    volume = {1},
    doi = {10.1109/tns.2017.2713521},
    issn = {2469-7311}
}

@article{Hudson1994,
    title = {{Ordered Subsets of Projection Data}},
    year = {1994},
    journal = {IEEE transactions on medical imaging},
    author = {Hudson, H Malcolm and Larkin, Richard S},
    number = {4},
    pages = {601--609},
    volume = {13}
}

@article{Hudson1994a,
    title = {{Ordered Subsets of Projection Data}},
    year = {1994},
    journal = {IEEE transactions on medical imaging},
    author = {Hudson, H Malcolm and Larkin, Richard S},
    number = {4},
    pages = {601--609},
    volume = {13}
}

@article{Popescu2006a,
    title = {{PET energy-based scatter estimation and image reconstruction with energy-dependent corrections}},
    year = {2006},
    journal = {Physics in Medicine and Biology},
    author = {Popescu, L. M. and Lewitt, Robert M. and Matej, Samuel and Karp, Joel S.},
    number = {11},
    pages = {2919--2937},
    volume = {51},
    doi = {10.1088/0031-9155/51/11/016},
    issn = {00319155}
}

@article{Popescu2006,
    title = {{PET energy-based scatter estimation and image reconstruction with energy-dependent corrections}},
    year = {2006},
    journal = {Physics in Medicine and Biology},
    author = {Popescu, L. M. and Lewitt, Robert M. and Matej, Samuel and Karp, Joel S.},
    number = {11},
    pages = {2919--2937},
    volume = {51},
    doi = {10.1088/0031-9155/51/11/016},
    issn = {00319155}
}

@article{Gong2018,
    title = {{PET Image Denoising Using a Deep Neural Network Through Fine Tuning}},
    year = {2018},
    journal = {IEEE Transactions on Radiation and Plasma Medical Sciences},
    author = {Gong, Kuang and Guan, Jiahui and Liu, Chih-Chieh and Qi, Jinyi},
    number = {2},
    pages = {153--161},
    volume = {3},
    doi = {10.1109/trpms.2018.2877644},
    issn = {2469-7311}
}

@article{Mehranian2017a,
    title = {{PET image reconstruction using multi-parametric anato-functional priors PET image reconstruction using multi-parametric anato-functional priors}},
    year = {2017},
    author = {Mehranian, Abolfazl and Belzunce, Martin A},
    publisher = {IOP Publishing}
}

@article{Ehrhardt2016,
    title = {{PET Reconstruction with an Anatomical MRI Prior Using Parallel Level Sets}},
    year = {2016},
    journal = {IEEE Transactions on Medical Imaging},
    author = {Ehrhardt, Matthias J. and Markiewicz, Pawel and Liljeroth, Maria and Barnes, Anna and Kolehmainen, Ville and Duncan, John S. and Pizarro, Luis and Atkinson, David and Hutton, Brian F. and Ourselin, Sebastien and Thielemans, Kris and Arridge, Simon R.},
    number = {9},
    pages = {2189--2199},
    volume = {35},
    doi = {10.1109/TMI.2016.2549601},
    issn = {1558254X},
    keywords = {Anatomical prior, Total variation, magnetic resonance imaging, parallel level sets, positron emission tomography}
}

@article{Bousse2020,
    title = {{PET Reconstruction with Non-Negativity Constraint in Projection Space: Optimization through Hypo-Convergence}},
    year = {2020},
    journal = {IEEE Transactions on Medical Imaging},
    author = {Bousse, Alexandre and Courdurier, Matias and Emond, Elise and Thielemans, Kris and Hutton, Brian F. and Irarrazaval, Pablo and Visvikis, Dimitris},
    number = {1},
    pages = {75--86},
    volume = {39},
    doi = {10.1109/TMI.2019.2920109},
    issn = {1558254X},
    keywords = {constrained optimization, hypo-convergence, penalized maximum-likelihood image reconstruction, positron emission tomography (PET) imaging}
}

@article{Bousse2020a,
    title = {{PET Reconstruction with Non-Negativity Constraint in Projection Space: Optimization through Hypo-Convergence}},
    year = {2020},
    journal = {IEEE Transactions on Medical Imaging},
    author = {Bousse, Alexandre and Courdurier, Matias and Emond, Elise and Thielemans, Kris and Hutton, Brian F. and Irarrazaval, Pablo and Visvikis, Dimitris},
    number = {1},
    pages = {75--86},
    volume = {39},
    doi = {10.1109/TMI.2019.2920109},
    issn = {1558254X},
    keywords = {constrained optimization, hypo-convergence, penalized maximum-likelihood image reconstruction, positron emission tomography (PET) imaging}
}

@article{Lillington2020,
    title = {{PET/MRI attenuation estimation in the lung: A review of past, present, and potential techniques}},
    year = {2020},
    journal = {Medical Physics},
    author = {Lillington, Joseph and Brusaferri, Ludovica and Kl{\"{a}}ser, Kerstin and Shmueli, Karin and Neji, Radhouene and Hutton, Brian F. and Fraioli, Francesco and Arridge, Simon and Cardoso, Manuel Jorge and Ourselin, Sebastien and Thielemans, Kris and Atkinson, David},
    number = {2},
    pages = {790--811},
    volume = {47},
    doi = {10.1002/mp.13943},
    issn = {00942405},
    keywords = {attenuation estimation, lung, magnetic resonance imaging, medical imaging, positron emission tomography}
}

@article{Fuin2017,
    title = {{PET/MRI in the presence of metal implants: Completion of the attenuation map from PET emission data}},
    year = {2017},
    journal = {Journal of Nuclear Medicine},
    author = {Fuin, Niccolo and Pedemonte, Stefano and Catalano, Onofrio A. and Izquierdo-Garcia, David and Soricelli, Andrea and Salvatore, Marco and Heberlein, Keith and Hooker, Jacob M. and Van Leemput, Koen and Catana, Ciprian},
    number = {5},
    pages = {840--845},
    volume = {58},
    doi = {10.2967/jnumed.116.183343},
    issn = {2159662X},
    keywords = {Attenuation correction, Integrated PET/MR, MLAA, Metal implant}
}

@article{Badawi2008,
    title = {{Physics in Medicine {\&} Biology Algorithms for calculating detector efficiency normalization coefficients for true coincidences in Algorithms for calculating detector efficiency normalization coefficients for true coincidences in 3D PET}},
    year = {2008},
    author = {Badawi, R D and Marsden, P K and Badawi, R D and Miller, M P and Badawi, R D and Ferreira, N C and Kohlmyer, S G}
}

@article{Phys1994,
    title = {{Physics in Medicine {\&} Biology Related content A convolution-subtraction scatter correction method for 3D PET}},
    year = {1994},
    author = {Phys, S R Meikle and Biol, Med}
}

@article{Laurette1997,
    title = {{Physics in Medicine {\&} Biology Related content SPECT scatter modelling in non-uniform attenuating objects SPECT scatter modelling in non-uniform attenuating objects}},
    year = {1997},
    author = {Laurette, I and Zeng, G L}
}

@article{Jia2020,
    title = {{Physics-Guided Machine Learning for Scientific Discovery: An Application in Simulating Lake Temperature Profiles}},
    year = {2020},
    author = {Jia, Xiaowei and Willard, Jared and Karpatne, Anuj and Read, Jordan S and Zwart, Jacob A and Steinbach, Michael and Kumar, Vipin},
    pages = {1--25},
    url = {http://arxiv.org/abs/2001.11086},
    arxivId = {2001.11086}
}

@article{Raissi2019,
    title = {{Physics-informed neural networks: A deep learning framework for solving forward and inverse problems involving nonlinear partial differential equations}},
    year = {2019},
    journal = {Journal of Computational Physics},
    author = {Raissi, M. and Perdikaris, P. and Karniadakis, G. E.},
    pages = {686--707},
    volume = {378},
    publisher = {Elsevier Inc.},
    url = {https://doi.org/10.1016/j.jcp.2018.10.045},
    doi = {10.1016/j.jcp.2018.10.045},
    issn = {10902716},
    keywords = {Data-driven scientific computing, Machine learning, Nonlinear dynamics, Predictive modeling, Runge–Kutta methods}
}

@article{Gunn2001,
    title = {{Positron emission tomography compartmental models}},
    year = {2001},
    journal = {Journal of Cerebral Blood Flow and Metabolism},
    author = {Gunn, Roger N. and Gunn, Steve R. and Cunningham, Vincent J.},
    number = {6},
    pages = {635--652},
    volume = {21},
    doi = {10.1097/00004647-200106000-00002},
    issn = {0271678X},
    pmid = {11488533},
    keywords = {Compartmental models, PET, Plasma input models, Reference tissue input models, Tracer kinetics}
}

@article{Brusaferri2018,
    title = {{Potential benefits of incorporating energy information when estimating attenuation from PET data}},
    year = {2018},
    journal = {2017 IEEE Nuclear Science Symposium and Medical Imaging Conference, NSS/MIC 2017 - Conference Proceedings},
    author = {Brusaferri, Ludovica and Bousse, Alexandre and Efthimiou, Nikos and Emond, Elise and Atkinson, David and Ourselin, Sebastien and Hutton, Brian F. and Arridge, Simon and Thielemans, Kris},
    number = {1},
    pages = {1--4},
    isbn = {9781538622827},
    doi = {10.1109/NSSMIC.2017.8532765}
}

@article{en2019,
    title = {{Quantitative and clinical impact of MRI-based attenuation correction methods in [18F]FDG evaluation of dementia}},
    year = {2019},
    journal = {EJNMMI Research},
    author = {{\O}en, Silje Kjærnes and Keil, Thomas Morten and Berntsen, Erik Magnus and Aanerud, Joel Fredrik and Schwarzlm{\"{u}}ller, Thomas and Ladefoged, Claes Nøhr and Karlberg, Anna Maria and Eikenes, Live},
    number = {1},
    volume = {9},
    publisher = {EJNMMI Research},
    doi = {10.1186/s13550-019-0553-2},
    issn = {2191219X},
    keywords = {Attenuation correction, PET/MRI, z-scores, dementia}
}

@article{Ntasis1999,
    title = {{Real time digital reconstructed radiograph (DRR) rendering in frequency domain}},
    year = {1999},
    journal = {Annual International Conference of the IEEE Engineering in Medicine and Biology - Proceedings},
    author = {Ntasis, Efthymios and Cai, Wenli and Saka, Georgios and Nikita, Konstantina S.},
    pages = {1041},
    volume = {2},
    isbn = {0780356756},
    doi = {10.1109/iembs.1999.804194},
    issn = {05891019},
    keywords = {frequency domain volume rendering, imaging}
}

@article{Notter2018,
    title = {{Reconceptualization of translocator protein as a biomarker of neuroinflammation in psychiatry}},
    year = {2018},
    journal = {Molecular Psychiatry},
    author = {Notter, T. and Coughlin, J. M. and Sawa, A. and Meyer, U.},
    number = {1},
    pages = {36--47},
    volume = {23},
    publisher = {Nature Publishing Group},
    url = {http://dx.doi.org/10.1038/mp.2017.232},
    doi = {10.1038/mp.2017.232},
    issn = {14765578}
}

@article{Fokas2004,
    title = {{Reconstruction Algorithms for Positron Emission Tomography and Single Photon Emission Computed Tomography and their Numerical Implementation}},
    year = {2004},
    author = {Fokas, A. S. and Iserles, A. and Marinakis, V.},
    pages = {1--18},
    url = {http://arxiv.org/abs/physics/0412030},
    arxivId = {physics/0412030}
}

@article{Bronnikov2000,
    title = {{Reconstruction of attenuation map using discrete consistency conditions}},
    year = {2000},
    journal = {IEEE Transactions on Medical Imaging},
    author = {Bronnikov, Andrei V.},
    number = {5},
    pages = {451--462},
    volume = {19},
    doi = {10.1109/42.870255},
    issn = {02780062}
}

@article{Conti2012,
    title = {{Reconstruction of scattered and unscattered PET coincidences using TOF and energy information}},
    year = {2012},
    journal = {Physics in Medicine and Biology},
    author = {Conti, Maurizio and Hong, Inki and Michel, Christian},
    number = {15},
    volume = {57},
    doi = {10.1088/0031-9155/57/15/N307},
    issn = {00319155}
}

@article{Zaidi2001,
    title = {{Reconstruction-based estimation of the scatter component in positron emission tomography.}},
    year = {2001},
    journal = {Ann Nucl Med Sci},
    author = {Zaidi, H},
    number = {3},
    pages = {161--171},
    volume = {14},
    keywords = {3D PET, scatter correction, OSEM, Monte Carlo}
}

@article{Li2016,
    title = {{Resting-state fMRI study of acute migraine treatment with kinetic oscillation stimulation in nasal cavity}},
    year = {2016},
    journal = {NeuroImage: Clinical},
    author = {Li, Tie Qiang and Wang, Yanlu and Hallin, Rolf and Juto, Jan Erik},
    pages = {451--459},
    volume = {12},
    publisher = {Elsevier Inc.},
    url = {http://dx.doi.org/10.1016/j.nicl.2016.08.014},
    doi = {10.1016/j.nicl.2016.08.014},
    issn = {22131582},
    pmid = {27622142},
    keywords = {3-Way ANOVA, Autonomic nervous system (ANS), Independent component analysis (ICA), Intrinsic functional activity, Kinetic oscillatory stimulation (KOS), Migraine, Resting-state fMRI}
}

@article{Kilmer2010,
    title = {{Review Article: Review Article}},
    year = {2010},
    journal = {Journalism: Theory, Practice {\&} Criticism},
    author = {Kilmer, Paulette D},
    number = {3},
    pages = {369--373},
    volume = {11},
    doi = {10.1177/1461444810365020},
    issn = {1464-8849}
}

@article{Gao2011,
    title = {{Robust estimation of kinetic parameters in dynamic PET imaging}},
    year = {2011},
    journal = {Lecture Notes in Computer Science (including subseries Lecture Notes in Artificial Intelligence and Lecture Notes in Bioinformatics)},
    author = {Gao, Fei and Liu, Huafeng and Shi, Pengcheng},
    number = {PART 1},
    pages = {492--499},
    volume = {6891 LNCS},
    isbn = {9783642236228},
    doi = {10.1007/978-3-642-23623-5{\_}62},
    issn = {03029743},
    pmid = {22003654}
}

@article{Manavaki2002,
    title = {{Scatter Modeling for 3-D PET List-Mode EM Reconstruction}},
    year = {2002},
    journal = {IEEE Nuclear Science Symposium and Medical Imaging Conference},
    author = {Manavaki, Roido and Reader, Andrew J. and Keller, Claudia and Missimer, John and Walledge, Richard J.},
    number = {2},
    pages = {1863--1868},
    volume = {3},
    isbn = {0780376366},
    doi = {10.1109/nssmic.2002.1239686}
}

@article{Tsoumpas2005,
    title = {{Scatter simulation including double scatter}},
    year = {2005},
    journal = {IEEE Nuclear Science Symposium Conference Record},
    author = {Tsoumpas, Charalampos and Aguiar, Pablo and Ros, Domenec and Dikaios, Nikolaos and Thielemans, Kris},
    number = {2},
    pages = {1615--1619},
    volume = {3},
    isbn = {0780392213},
    doi = {10.1109/NSSMIC.2005.1596628},
    issn = {10957863},
    keywords = {Compton scatter, PET, SSS, STIR}
}

@article{Berker2016a,
    title = {{Scattered PET data for attenuation-map reconstruction in PET/MRI: Fundamentals}},
    year = {2016},
    journal = {2014 IEEE Nuclear Science Symposium and Medical Imaging Conference, NSS/MIC 2014},
    author = {Berker, Yannick and Schulz, Volkmar},
    isbn = {9781479960972},
    doi = {10.1109/NSSMIC.2014.7430785},
    keywords = {Attenuation Correction, Compton Scattering, PET, PET/MRI}
}

@article{Kaiser2013,
    title = {{Significant acceleration of 2D-3D registration-based fusion of ultrasound and x-ray images by mesh-based DRR rendering}},
    year = {2013},
    journal = {Medical Imaging 2013: Image-Guided Procedures, Robotic Interventions, and Modeling},
    author = {Kaiser, Markus and John, Matthias and Borsdorf, Anja and Mountney, Peter and Ionasec, Razvan and N{\"{o}}ttling, Alois and Kiefer, Philipp and Seeburger, Jörg and Neumuth, Thomas},
    number = {May},
    pages = {867111},
    volume = {8671},
    isbn = {9780819494450},
    doi = {10.1117/12.2007440},
    issn = {0277786X}
}

@article{Defrise2017,
    title = {{Simultaneous estimation of activity and attenuation in classical PET: Uniqueness issues}},
    year = {2017},
    journal = {2016 IEEE Nuclear Science Symposium, Medical Imaging Conference and Room-Temperature Semiconductor Detector Workshop, NSS/MIC/RTSD 2016},
    author = {Defrise, Michel},
    number = {4},
    pages = {1--3},
    volume = {2017-Janua},
    publisher = {IEEE},
    isbn = {9781509016426},
    doi = {10.1109/NSSMIC.2016.8069452}
}

@article{Liu2006,
    title = {{Simultaneous estimation of PET attenuation and activity images with divided difference filters}},
    year = {2006},
    journal = {Lecture Notes in Computer Science (including subseries Lecture Notes in Artificial Intelligence and Lecture Notes in Bioinformatics)},
    author = {Liu, Huafeng and Tian, Yi and Shi, Pengcheng},
    pages = {301--308},
    volume = {4091 LNCS},
    isbn = {3540372202},
    doi = {10.1007/11812715{\_}38},
    issn = {16113349}
}

@article{Nuyts1999,
    title = {{Simultaneous maximum a posteriori reconstruction of attenuation and activity distributions from emission sinograms}},
    year = {1999},
    journal = {IEEE Transactions on Medical Imaging},
    author = {Nuyts, Johan and Dupont, Patrick and Stroobants, Sigrid and Benninck, Roel and Mortelmans, Luc and Suetens, Paul},
    number = {5},
    pages = {393--403},
    volume = {18},
    doi = {10.1109/42.774167},
    issn = {02780062}
}

@article{Mollet2012,
    title = {{Simultaneous MR-compatible emission and transmission imaging for PET using time-of-flight information}},
    year = {2012},
    journal = {IEEE Transactions on Medical Imaging},
    author = {Mollet, Pieter and Keereman, Vincent and Clementel, Enrico and Vandenberghe, Stefaan},
    number = {9},
    pages = {1734--1742},
    volume = {31},
    doi = {10.1109/TMI.2012.2198831},
    issn = {02780062},
    keywords = {Attenuation correction, Positron emission tomography/magnetic resonance im, Time-of-flight (TOF), Transmission scan}
}

@article{Salomon2011,
    title = {{Simultaneous reconstruction of activity and attenuation for PET/MR}},
    year = {2011},
    journal = {IEEE Transactions on Medical Imaging},
    author = {Salomon, André and Goedicke, Andreas and Schweizer, Bernd and Aach, Til and Schulz, Volkmar},
    number = {3},
    pages = {804--813},
    volume = {30},
    doi = {10.1109/TMI.2010.2095464},
    issn = {02780062},
    keywords = {Attenuation correction, consistency conditions, positron emission tomography, reconstruction}
}

@article{Rezaei2012,
    title = {{Simultaneous reconstruction of activity and attenuation in time-of-flight PET}},
    year = {2012},
    journal = {IEEE Transactions on Medical Imaging},
    author = {Rezaei, Ahmadreza and Defrise, Michel and Bal, Girish and Michel, Christian and Conti, Maurizio and Watson, Charles and Nuyts, Johan},
    number = {12},
    pages = {2224--2233},
    volume = {31},
    doi = {10.1109/TMI.2012.2212719},
    issn = {02780062},
    keywords = {Activity and attenuation cross-talk, attenuation correction, joint estimation, maximum likelihood, time-of-flight (TOF) positron emission tomography}
}

@article{Courdurier2015,
    title = {{Simultaneous source and attenuation reconstruction in SPECT using ballistic and single scattering data}},
    year = {2015},
    journal = {Inverse Problems},
    author = {Courdurier, M. and Monard, F. and Osses, A. and Romero, F.},
    number = {9},
    volume = {31},
    doi = {10.1088/0266-5611/31/9/095002},
    issn = {13616420},
    arxivId = {1503.07201},
    keywords = {SPECT, attenuated radon transform, identification problem, inverse problems}
}

@article{Courdurier2015a,
    title = {{Simultaneous source and attenuation reconstruction in SPECT using ballistic and single scattering data}},
    year = {2015},
    journal = {Inverse Problems},
    author = {Courdurier, M. and Monard, F. and Osses, A. and Romero, F.},
    number = {9},
    volume = {31},
    doi = {10.1088/0266-5611/31/9/095002},
    issn = {13616420},
    arxivId = {1503.07201},
    keywords = {SPECT, attenuated radon transform, identification problem, inverse problems}
}

@article{Du2014,
    title = {{Simultaneous Tc-99m/I-123 dual-radionuclide myocardial perfusion/ innervation imaging using Siemens IQ-SPECT with SMARTZOOM collimator}},
    year = {2014},
    journal = {Physics in Medicine and Biology},
    author = {Du, Yong and Bhattacharya, Manojeet and Frey, Eric C.},
    number = {11},
    pages = {2813--2828},
    volume = {59},
    doi = {10.1088/0031-9155/59/11/2813},
    issn = {13616560},
    keywords = {myocardial innervation, myocardial perfusion, simultaneous dual-radionuclide SPECT}
}

@article{Persson2017,
    title = {{Spectral CT reconstruction with anti-correlated noise model and joint prior}},
    year = {2017},
    journal = {Fully 3D},
    author = {Persson, Mats and Adler, Jonas},
    number = {June},
    pages = {580--585},
    doi = {10.12059/Fully3D.2017-11-3203027}
}

@article{Mehranian2018,
    title = {{Synergistic PET and SENSE MR Image Reconstruction Using Joint Sparsity Regularization}},
    year = {2018},
    journal = {IEEE Transactions on Medical Imaging},
    author = {Mehranian, Abolfazl and Belzunce, Martin A. and Prieto, Claudia and Hammers, Alexander and Reader, Andrew J.},
    number = {1},
    pages = {20--34},
    volume = {37},
    publisher = {IEEE},
    doi = {10.1109/TMI.2017.2691044},
    issn = {1558254X},
    keywords = {Multi-modal imaging, positron emission tomography (PET)-magnetic resona, sensitivity encoding, sparsity regularization, synergistic reconstruction, total variation}
}

@article{Galvin1995,
    title = {{Technical Innovations and Notes T H E USE O F D I G I T A L L Y R E C O N S T R U C T E D R A D I O G R A P H S F O R T H R E E - DIMENSIONAL TREATMENT PLANNING AND CT-SIMULATION}},
    year = {1995},
    author = {Galvin, James M and Sc, D and Sims, Colin and Dominiak, Gregory},
    number = {4},
    volume = {31}
}

@article{Holman2016,
    title = {{The effect of respiratory induced density variations on non-TOF PET quantitation in the lung}},
    year = {2016},
    journal = {Physics in Medicine and Biology},
    author = {Holman, Beverley F. and Cuplov, Vesna and Hutton, Brian F. and Groves, Ashley M. and Thielemans, Kris},
    number = {8},
    pages = {3148--3163},
    volume = {61},
    publisher = {IOP Publishing},
    doi = {10.1088/0031-9155/61/8/3148},
    issn = {13616560},
    keywords = {PET/CT, air fraction correction, attenuation correction, density, lung, quantitation, respiration}
}

@article{Li2010,
    title = {{The generation of digitally reconstructed radiographs with six parameters}},
    year = {2010},
    journal = {2010 4th International Conference on Bioinformatics and Biomedical Engineering, iCBBE 2010},
    author = {Li, Xin and Zhou, Ling Hong and Zhen, Xin and Lu, Wen Ting},
    number = {2008},
    pages = {1--4},
    publisher = {IEEE},
    isbn = {9781424447138},
    doi = {10.1109/ICBBE.2010.5516424},
    keywords = {2D/3D image registration, Digital reconstructed radiographs, Radiation therapy, Three-dimension Bresenham algorithm}
}

@article{Loggia2015,
    title = {{The Lateral Prefrontal Cortex Mediates the Hyperalgesic Effects of Negative Cognitions in Chronic Pain Patients}},
    year = {2015},
    journal = {Journal of Pain},
    author = {Loggia, Marco L. and Berna, Chantal and Kim, Jieun and Cahalan, Christine M. and Martel, Marc Olivier and Gollub, Randy L. and Wasan, Ajay D. and Napadow, Vitaly and Edwards, Robert R.},
    number = {8},
    pages = {692--699},
    volume = {16},
    publisher = {Elsevier Inc},
    url = {http://dx.doi.org/10.1016/j.jpain.2015.04.003},
    doi = {10.1016/j.jpain.2015.04.003},
    issn = {15288447},
    keywords = {Fibromyalgia, catastrophizing, functional magnetic resonance imaging, negative affect, psychophysics}
}

@article{Albrecht2019,
    title = {{The neuroinflammatory component of negative affect in patients with chronic pain}},
    year = {2019},
    journal = {Molecular Psychiatry},
    author = {Albrecht, D. S. and Kim, M. and Akeju, O. and Torrado-Carvajal, A. and Edwards, R. R. and Zhang, Y. and Bergan, C. and Protsenko, E. and Kucyi, A. and Wasan, A. D. and Hooker, J. M. and Napadow, V. and Loggia, M. L.},
    publisher = {Springer US},
    url = {http://dx.doi.org/10.1038/s41380-019-0433-1},
    doi = {10.1038/s41380-019-0433-1},
    issn = {1359-4184}
}

@article{Nuyts2007,
    title = {{The use of mutual information and joint entropy for anatomical priors in emission tomography}},
    year = {2007},
    journal = {IEEE Nuclear Science Symposium Conference Record},
    author = {Nuyts, Johan},
    number = {2},
    pages = {4149--4154},
    volume = {6},
    isbn = {1424409233},
    doi = {10.1109/NSSMIC.2007.4437034},
    issn = {10957863}
}

@article{Defrise2012,
    title = {{Time-of-flight PET data determine the attenuation sinogram up to a constant}},
    year = {2012},
    journal = {Physics in Medicine and Biology},
    author = {Defrise, Michel and Rezaei, Ahmadreza and Nuyts, Johan},
    number = {4},
    pages = {885--899},
    volume = {57},
    doi = {10.1088/0031-9155/57/4/885},
    issn = {00319155}
}

@article{Miao2011,
    title = {{Toward smart utilization of two X-ray images for 2-D/3-D registration applied to abdominal aortic aneurysm interventions}},
    year = {2011},
    journal = {Proceedings - 2011 4th International Conference on Biomedical Engineering and Informatics, BMEI 2011},
    author = {Miao, Shun and Liao, Rui and Pfister, Marcus},
    pages = {550--555},
    volume = {1},
    publisher = {IEEE},
    isbn = {9781424493524},
    doi = {10.1109/BMEI.2011.6098266}
}

@article{Berker2014,
    title = {{Towards using scattered PET emission data for reconstruction of attenuation map in PET/MRI}},
    year = {2014},
    journal = {EJNMMI Physics},
    author = {Berker, Yannick and Schulz, Volkmar},
    number = {S1},
    pages = {1--2},
    volume = {1},
    doi = {10.1186/2197-7364-1-s1-a34},
    issn = {2197-7364}
}

@article{Lee2020,
    title = {{Translocator protein (TSPO): the new story of the old protein in neuroinflammation}},
    year = {2020},
    journal = {BMB reports},
    author = {Lee, Younghwan and Park, Youngjin and Nam, Hyeri and Lee, Ji Won and Yu, Seong Woon},
    number = {1},
    pages = {20--27},
    volume = {53},
    doi = {10.5483/bmbrep.2020.53.1.273},
    issn = {1976670X},
    pmid = {31818362},
    keywords = {microglia, mitochondria, neuroinflammation, steroido-}
}

@article{Zhu2016,
    title = {{Ultra Efficientand Robust Estimation of the Attenuation Map in PET imaging}},
    year = {2016},
    author = {Zhu, Wentao and Feng, Tao and Chen, Mu and Dong, Yun and Bao, Jun and Li, Hongdi},
    pages = {0--2},
    volume = {3}
}

@article{Cade2013,
    title = {{Use of measured scatter data for the attenuation correction of single photon emission tomography without transmission scanning}},
    year = {2013},
    journal = {Medical Physics},
    author = {Cade, Sarah C. and Arridge, Simon and Evans, Martyn J. and Hutton, Brian F.},
    number = {8},
    volume = {40},
    doi = {10.1118/1.4812686},
    issn = {00942405},
    keywords = {SPECT, attenuation correction, scatter}
}

@article{Berker2012a,
    title = {{Use of scattered coincidences for emission-based estimation of attenuation map in PET}},
    year = {2012},
    journal = {IEEE Nuclear Science Symposium Conference Record},
    author = {Berker, Yannick and Kiessling, Fabian and Schulz, Volkmar},
    pages = {2285--2287},
    isbn = {9781467320306},
    doi = {10.1109/NSSMIC.2012.6551519},
    issn = {10957863}
}

@article{Ehrhardt2014,
    title = {{Vector-valued image processing by parallel level sets}},
    year = {2014},
    journal = {IEEE Transactions on Image Processing},
    author = {Ehrhardt, Matthias Joachim and Arridge, Simon R.},
    number = {1},
    pages = {9--18},
    volume = {23},
    doi = {10.1109/TIP.2013.2277775},
    issn = {10577149},
    keywords = {Demosaicking, Denoising, Non-linear diffusion, Parallel level sets, Variational methods, Vector-valued images}
}

@article{Khadidos2017,
    title = {{Weighted Level Set Evolution Based on Local Edge Features for Medical Image Segmentation}},
    year = {2017},
    journal = {IEEE Transactions on Image Processing},
    author = {Khadidos, Alaa and Sanchez, Victor and Li, Chang Tsun},
    number = {4},
    pages = {1979--1991},
    volume = {26},
    doi = {10.1109/TIP.2017.2666042},
    issn = {10577149},
    keywords = {Image segmentation, active contours, level set methods, medical images}
}

@article{Ying2019,
    title = {{X2CT-gan: Reconstructing CT from biplanar X-rays with generative adversarial networks}},
    year = {2019},
    journal = {Proceedings of the IEEE Computer Society Conference on Computer Vision and Pattern Recognition},
    author = {Ying, Xingde and Guo, Heng and Ma, Kai and Wu, Jian and Weng, Zhengxin and Zheng, Yefeng},
    pages = {10611--10620},
    volume = {2019-June},
    isbn = {9781728132938},
    doi = {10.1109/CVPR.2019.01087},
    issn = {10636919},
    arxivId = {1905.06902},
    keywords = {3D from Multiview and Sensors, Biological and Cell Microscopy, Deep Learning, Image and Video Synthesis, Medical}
}

@article{Zurcher2020,
    title = {{[11C]PBR28 MR–PET imaging reveals lower regional brain expression of translocator protein (TSPO) in young adult males with autism spectrum disorder}},
    year = {2020},
    journal = {Molecular Psychiatry},
    author = {Z{\"{u}}rcher, N. R. and Loggia, M. L. and Mullett, J. E. and Tseng, C. and Bhanot, A. and Richey, L. and Hightower, B. G. and Wu, C. and Parmar, A. J. and Butterfield, R. I. and Dubois, J. M. and Chonde, D. B. and Izquierdo-Garcia, D. and Wey, H. Y. and Catana, C. and Hadjikhani, N. and McDougle, C. J. and Hooker, J. M.},
    isbn = {4138002006},
    doi = {10.1038/s41380-020-0682-z},
    issn = {14765578},
    pmid = {32076115}
}

@article{Borm2007ATrials,
    title = {{A simple sample size formula for analysis of covariance in randomized clinical trials}},
    year = {2007},
    journal = {Journal of Clinical Epidemiology},
    author = {Borm, George F. and Fransen, Jaap and Lemmens, Wim A.J.G.},
    number = {12},
    pages = {1234--1238},
    volume = {60},
    doi = {10.1016/j.jclinepi.2007.02.006},
    issn = {08954356},
    pmid = {17998077},
    keywords = {Analysis of covariance, Clinical trial, Power, Precision, Sample size, Statistical test}
}

@article{Golden2011AMice,
    title = {{A standardized protocol for repeated social defeat stress in mice}},
    year = {2011},
    journal = {Nature Protocols},
    author = {Golden, Sam A. and Covington, Herbert E. and Berton, Olivier and Russo, Scott J.},
    number = {8},
    pages = {1183--1191},
    volume = {6},
    doi = {10.1038/nprot.2011.361},
    issn = {17502799},
    pmid = {21799487}
}

@misc{AcceleratedReader.pdf,
    title = {{Accelerated Early Progression of Amyotrophic Lateral Sclerosis over the COVID-19 Pandemic {\_} Enhanced Reader.pdf}}
}

@article{Tomova2020AcuteHunger,
    title = {{Acute social isolation evokes midbrain craving responses similar to hunger}},
    year = {2020},
    journal = {Nature Neuroscience},
    author = {Tomova, Livia and Wang, Kimberly L. and Thompson, Todd and Matthews, Gillian A. and Takahashi, Atsushi and Tye, Kay M. and Saxe, Rebecca},
    number = {12},
    pages = {1597--1605},
    volume = {23},
    publisher = {Springer US},
    url = {http://dx.doi.org/10.1038/s41593-020-00742-z},
    doi = {10.1038/s41593-020-00742-z},
    issn = {15461726},
    pmid = {33230328}
}

@article{Zhuang2020AdaBeliefGradients,
    title = {{AdaBelief optimizer: Adapting stepsizes by the belief in observed gradients}},
    year = {2020},
    journal = {Advances in Neural Information Processing Systems},
    author = {Zhuang, Juntang and Tang, Tommy and Ding, Yifan and Tatikonda, Sekhar and Dvornek, Nicha and Papademetris, Xenophon and Duncan, James S.},
    number = {NeurIPS},
    volume = {2020-Decem},
    issn = {10495258},
    arxivId = {2010.07468}
}

@article{Hawrylycz2012AnTranscriptome,
    title = {{An anatomically comprehensive atlas of the adult human brain transcriptome}},
    year = {2012},
    journal = {Nature},
    author = {Hawrylycz, Michael J. and Lein, Ed S. and Guillozet-Bongaarts, Angela L. and Shen, Elaine H. and Ng, Lydia and Miller, Jeremy A. and Van De Lagemaat, Louie N. and Smith, Kimberly A. and Ebbert, Amanda and Riley, Zackery L. and Abajian, Chris and Beckmann, Christian F. and Bernard, Amy and Bertagnolli, Darren and Boe, Andrew F. and Cartagena, Preston M. and Mallar Chakravarty, M. and Chapin, Mike and Chong, Jimmy and Dalley, Rachel A. and Daly, Barry David and Dang, Chinh and Datta, Suvro and Dee, Nick and Dolbeare, Tim A. and Faber, Vance and Feng, David and Fowler, David R. and Goldy, Jeff and Gregor, Benjamin W. and Haradon, Zeb and Haynor, David R. and Hohmann, John G. and Horvath, Steve and Howard, Robert E. and Jeromin, Andreas and Jochim, Jayson M. and Kinnunen, Marty and Lau, Christopher and Lazarz, Evan T. and Lee, Changkyu and Lemon, Tracy A. and Li, Ling and Li, Yang and Morris, John A. and Overly, Caroline C. and Parker, Patrick D. and Parry, Sheana E. and Reding, Melissa and Royall, Joshua J. and Schulkin, Jay and Sequeira, Pedro Adolfo and Slaughterbeck, Clifford R. and Smith, Simon C. and Sodt, Andy J. and Sunkin, Susan M. and Swanson, Beryl E. and Vawter, Marquis P. and Williams, Derric and Wohnoutka, Paul and Ronald Zielke, H. and Geschwind, Daniel H. and Hof, Patrick R. and Smith, Stephen M. and Koch, Christof and Grant, Seth G.N. and Jones, Allan R.},
    number = {7416},
    pages = {391--399},
    volume = {489},
    publisher = {Nature Publishing Group},
    doi = {10.1038/nature11405},
    issn = {00280836},
    pmid = {22996553}
}

@article{NaomiI.EisenbergerTristenK.InagakiLianT.Rameson1NehjlaM.Mashal2009AnDifferences,
    title = {{An fMRI Study of Cytokine-Induced Depressed Mood and Social Pain: The Role of Sex Differences}},
    year = {2009},
    journal = {Neuroimage},
    author = {Naomi I. Eisenberger, Tristen K. Inagaki, Lian T. Rameson1 Nehjla M. Mashal, and Michael R. Irwin},
    number = {3},
    pages = {881–890},
    volume = {47}
}

@article{TsutomuTakahashiMuratYucelValentinaLorenzettiMarkWalterfangYasuhiroKawasakiSarahWhittleMichioSuzukiChristosPantelisAnDepression,
    title = {{An MRI study of the superior temporal subregions in patients with current and past major depression}},
    journal = {Progress in Neuro-Psychopharmacology and Biological Psychiatry},
    author = {TsutomuTakahashi, MuratY{\"{u}}cel, ValentinaLorenzetti, MarkWalterfang, YasuhiroKawasaki, SarahWhittle, MichioSuzuki, ChristosPantelis, Nicholas B.Allen},
    number = {1},
    pages = {98--103},
    volume = {34}
}

@article{Izquierdo-Garcia2014AnImaging,
    title = {{An SPM8-based approach for attenuation correction combining segmentation and nonrigid template formation: Application to simultaneous PET/MR Brain Imaging}},
    year = {2014},
    journal = {Journal of Nuclear Medicine},
    author = {Izquierdo-Garcia, David and Hansen, Adam E. and F{\"{o}}rster, Stefan and Benoit, Didier and Schachoff, Sylvia and F{\"{u}}rst, Sebastian and Chen, Kevin T. and Chonde, Daniel B. and Catana, Ciprian},
    number = {11},
    pages = {1825--1830},
    volume = {55},
    doi = {10.2967/jnumed.113.136341},
    issn = {01615505},
    pmid = {25278515},
    keywords = {Attenuation correction, Integrated PET/MRI, Segmentation, Template}
}

@article{DavidIzquierdo-GarciaAdamE.HansenStefanForsterDidierBenoitSylviaSchachoffSebastianFurstKevinT.ChenDanielB.Chond2014AnImaging,
    title = {{An SPM8-Based Approach for Attenuation CorrectionCombining Segmentation and Nonrigid Template Formation:Application to Simultaneous PET/MR Brain Imaging}},
    year = {2014},
    journal = {J Nucl Med},
    author = {David Izquierdo-Garcia , Adam E. Hansen, Stefan F{\"{o}}rster, Didier Benoit, Sylvia Schachoff, Sebastian F{\"{u}}rst, Kevin T. Chen, Daniel B. Chond, and Ciprian Catana},
    pages = {1825–1830},
    volume = {55}
}

@article{Morrissey2023AssessingTrial,
    title = {{Assessing the potential anti-neuroinflammatory effect of minocycline in chronic low back pain: Protocol for a randomized, double-blind, placebo-controlled trial}},
    year = {2023},
    journal = {Contemporary Clinical Trials},
    author = {Morrissey, Erin J. and Alshelh, Zeynab and Knight, Paulina C. and Saha, Atreyi and Kim, Minhae and Torrado-Carvajal, Angel and Zhang, Yi and Edwards, Robert R. and Pike, Chelsea and Locascio, Joseph J. and Napadow, Vitaly and Loggia, Marco L.},
    number = {August 2022},
    pages = {107087},
    volume = {126},
    publisher = {Elsevier Inc.},
    url = {https://doi.org/10.1016/j.cct.2023.107087},
    doi = {10.1016/j.cct.2023.107087},
    issn = {15592030},
    pmid = {36657520},
    keywords = {18 kDa translocator protein (TSPO), Chronic pain, Low back pain, Minocycline, Neuroinflammation, Positron emission tomography}
}

@article{Morrissey2023AssessingTrialb,
    title = {{Assessing the potential anti-neuroinflammatory effect of minocycline in chronic low back pain: Protocol for a randomized, double-blind, placebo-controlled trial}},
    year = {2023},
    journal = {Contemporary Clinical Trials},
    author = {Morrissey, Erin J. and Alshelh, Zeynab and Knight, Paulina C. and Saha, Atreyi and Kim, Minhae and Torrado-Carvajal, Angel and Zhang, Yi and Edwards, Robert R. and Pike, Chelsea and Locascio, Joseph J. and Napadow, Vitaly and Loggia, Marco L.},
    number = {December 2022},
    pages = {107087},
    volume = {126},
    publisher = {Elsevier Inc.},
    url = {https://doi.org/10.1016/j.cct.2023.107087},
    doi = {10.1016/j.cct.2023.107087},
    issn = {15592030},
    pmid = {36657520},
    keywords = {18 kDa translocator protein (TSPO), Chronic pain, Low back pain, Minocycline, Neuroinflammation, Positron emission tomography}
}

@misc{Ruiz2017AssociationPatients,
    title = {{Association of periodic and rhythmic electroencephalographic patterns with seizures in critically ill patients}},
    year = {2017},
    booktitle = {JAMA Neurology},
    author = {Ruiz, Andres Rodriguez and Vlachy, Jan and Lee, Jong Woo and Gilmore, Emily J. and Ayer, Turgay and Haider, Hiba Arif and Gaspard, Nicolas and Ehrenberg, J. Andrew and Tolchin, Benjamin and Fantaneanu, Tadeu A. and Fernandez, Andres and Hirsch, Lawrence J. and LaRoche, Suzette},
    number = {2},
    pages = {181--188},
    volume = {74},
    doi = {10.1001/jamaneurol.2016.4990},
    issn = {21686149},
    pmid = {27992625}
}

@article{SetiawanEAttwellsSWilsonAAMizrahiRRusjanPMMilerLXuCSharmaSKishSHouleS2018AssociationStudy,
    title = {{Association of translocator protein total distribution volume with duration of untreated major depressive disorder: a cross-sectional study}},
    year = {2018},
    journal = {Lancet Psychiatry},
    author = {Setiawan E, Attwells S, Wilson AA, Mizrahi R, Rusjan PM, Miler L, Xu C, Sharma S, Kish S, Houle S, and Meyer JH},
    number = {4},
    pages = {339--347},
    volume = {5}
}

@article{Vaswani2017AttentionNeed,
    title = {{Attention is all you need}},
    year = {2017},
    journal = {Advances in Neural Information Processing Systems},
    author = {Vaswani, Ashish and Shazeer, Noam and Parmar, Niki and Uszkoreit, Jakob and Jones, Llion and Gomez, Aidan N. and Kaiser, Łukasz and Polosukhin, Illia},
    number = {Nips},
    pages = {5999--6009},
    volume = {2017-Decem},
    issn = {10495258},
    arxivId = {1706.03762}
}

@article{Kingma2022Auto-EncodingBayes,
    title = {{Auto-Encoding Variational Bayes}},
    year = {2022},
    journal = {arXiv},
    author = {Kingma, Diederik P and Welling, Max},
    number = {Ml},
    pages = {1--14},
    arxivId = {arXiv:1312.6114v11}
}

@misc{Albrecht2019BrainInvestigation,
    title = {{Brain glial activation in fibromyalgia – A multi-site positron emission tomography investigation}},
    year = {2019},
    booktitle = {Brain, Behavior, and Immunity},
    author = {Albrecht, Daniel S. and Forsberg, Anton and Sandstr{\"{o}}m, Angelica and Bergan, Courtney and Kadetoff, Diana and Protsenko, Ekaterina and Lampa, Jon and Lee, Yvonne C. and H{\"{o}}glund, Caroline Olgart and Catana, Ciprian and Cervenka, Simon and Akeju, Oluwaseun and Lekander, Mats and Cohen, George and Halldin, Christer and Taylor, Norman and Kim, Minhae and Hooker, Jacob M. and Edwards, Robert R. and Napadow, Vitaly and Kosek, Eva and Loggia, Marco L.},
    pages = {72--83},
    volume = {75},
    doi = {10.1016/j.bbi.2018.09.018},
    issn = {10902139},
    pmid = {30223011},
    keywords = {Astrocytes, Chronic overlapping pain conditions, Deprenyl-D2, Fibromyalgia, Functional pain, MRI/PET, Microglia, Neuroimmunology, Neuroinflammation, Positron emission tomography, TSPO}
}

@misc{BrainReader.pdf,
    title = {{Brain Mechanisms of COVID-19-Sleep Disorders {\_} Enhanced Reader.pdf}}
}

@article{Ap-2021CCovid-19,
    title = {{C or r e sp ondence Microvascular Injury in the Brains of Patients with Covid-19}},
    year = {2021},
    author = {Ap-, Supplementary and Appendix, Supplementary and Injury, Microvascular and Control, Early Rhythm and Fibrillation, Atrial and Identification, Automated and Clinical, Hospital and Control, Deterioration and Angioedema, Hereditary},
    pages = {3--6}
}

@misc{Abdallah2017ChronicCoin,
    title = {{Chronic Pain and Chronic Stress: Two Sides of the Same Coin?}},
    year = {2017},
    booktitle = {Chronic Stress},
    author = {Abdallah, Chadi G. and Geha, Paul},
    volume = {1},
    doi = {10.1177/2470547017704763},
    issn = {24705470},
    pmid = {28795169},
    keywords = {amygdala, depression, hippocampus, limbic circuitry, pain, posttraumatic stress disorder, stress}
}

@misc{CNS_2100001Reader.pdf,
    title = {{CNS{\_}2100001 1..11 {\_} Enhanced Reader.pdf}}
}

@article{Abbott2021COVIDsDepression,
    title = {{COVID's mental-health toll: how scientists are tracking a surge in depression}},
    year = {2021},
    journal = {Nature},
    author = {Abbott, Alison},
    number = {7845},
    pages = {194--195},
    volume = {590},
    doi = {10.1038/d41586-021-00175-z},
    issn = {14764687},
    pmid = {33536600},
    keywords = {Depression, Health care}
}

@misc{Koralnik2020COVID-19:System,
    title = {{COVID-19: A Global Threat to the Nervous System}},
    year = {2020},
    booktitle = {Annals of Neurology},
    author = {Koralnik, Igor J. and Tyler, Kenneth L.},
    number = {1},
    pages = {1--11},
    volume = {88},
    doi = {10.1002/ana.25807},
    issn = {15318249},
    pmid = {32506549}
}

@misc{COVID_Impact_on_Health_Wellbeing_Eng.pdf,
    title = {{COVID{\_}Impact{\_}on{\_}Health{\_}Wellbeing{\_}Eng.pdf}}
}

@article{Dantzer2009CytokineDepression,
    title = {{Cytokine, Sickness Behavior, and Depression}},
    year = {2009},
    journal = {Immunology and Allergy Clinics of North America},
    author = {Dantzer, Robert},
    number = {2},
    pages = {247--264},
    volume = {29},
    doi = {10.1016/j.iac.2009.02.002},
    issn = {08898561},
    pmid = {19389580},
    keywords = {Behavior, Brain, Cytokine, Depression, Inflammation, Interleukin-1, Sickness, Tumor necrosis factor}
}

@article{Fleshner2017DangerDisorders,
    title = {{Danger Signals and Inflammasomes: Stress-Evoked Sterile Inflammation in Mood Disorders}},
    year = {2017},
    journal = {Neuropsychopharmacology},
    author = {Fleshner, Monika and Frank, Matthew and Maier, Steven F.},
    number = {1},
    pages = {36--45},
    volume = {42},
    publisher = {Nature Publishing Group},
    doi = {10.1038/npp.2016.125},
    issn = {1740634X},
    pmid = {27412959}
}

@article{Cite2018DepressionPatterns,
    title = {{Depression and sterile inflammation: Essential role of danger associated molecular patterns}},
    year = {2018},
    journal = {Brain Behav Immun.},
    author = {{Cite} and Franklin TC, Xu C, and Duman RS.},
    number = {2},
    volume = {72}
}

@article{Glanville1989DifferencesOrigin,
    title = {{Differences in the metabolism of inositol and phosphoinositides by cultured cells of neuronal and glial origin}},
    year = {1989},
    journal = {Biochimica et Biophysica Acta (BBA)/Lipids and Lipid Metabolism},
    author = {Glanville, N. T. and Byers, D. M. and Cook, H. W. and Spence, M. W. and Palmer, F. B.St C.},
    doi = {10.1016/0005-2760(89)90265-8},
    issn = {00052760},
    pmid = {2546591}
}

@article{Wang2020DirectImaging,
    title = {{Direct Estimation of Input Function Based on Fine-tuned Deep Learning Method in Dynamic PET Imaging}},
    year = {2020},
    journal = {Journal of Nuclear Medicine},
    author = {Wang, Liangzhou and Ma, Tianyu and Yao, Shulin and Ye, Qing and Coughlin, Jennifer and Pomper, Martin and Du, Yong and Liu, Yaqiang},
    number = {supplement 1},
    month = {5},
    pages = {1394 LP - 1394},
    volume = {61},
    url = {http://jnm.snmjournals.org/content/61/supplement_1/1394.abstract}
}

@article{Ashar2021EffectPain,
    title = {{Effect of Pain Reprocessing Therapy vs Placebo and Usual Care for Patients With Chronic Back Pain}},
    year = {2021},
    journal = {JAMA Psychiatry},
    author = {Ashar, Yoni K. and Gordon, Alan and Schubiner, Howard and Uipi, Christie and Knight, Karen and Anderson, Zachary and Carlisle, Judith and Polisky, Laurie and Geuter, Stephan and Flood, Thomas F. and Kragel, Philip A. and Dimidjian, Sona and Lumley, Mark A. and Wager, Tor D.},
    pages = {1--12},
    volume = {03755},
    doi = {10.1001/jamapsychiatry.2021.2669},
    issn = {2168-622X}
}

@article{Goyal2019EffectsData,
    title = {{Effects of the COVID-19 Pandemic on Mental Health and Brain Maturation in Adolescents: Implications for Analyzing Longitudinal Data}},
    year = {2019},
    journal = {Journal of the Neurological Sciences},
    author = {Goyal, Gunjan and Phukan, Anil Chandra and Hussain, Masaraf and Lal, Vivek and Modi, Manish and Goyal, Manoj Kumar and Sehgal, Rakesh},
    pages = {116544},
    publisher = {Society of Biological Psychiatry},
    url = {https://doi.org/10.1016/j.jns.2019.116544},
    isbn = {7696853961},
    doi = {10.1016/j.bpsgos.2022.11.002},
    issn = {0022-510X}
}

@misc{Liberati2018EnhancedReader.pdf,
    title = {{Enhanced Reader.pdf}},
    year = {2018},
    booktitle = {Nature},
    author = {Liberati, A and Altman, D and Tetzlaff, J and Mulrow, C and Gotzsche, P and Loannidis, J and Clarke, M and Devereaux, PJ and Kleijnen, J and Moher, D.},
    pages = {539--547},
    volume = {388}
}

@misc{GarrickEnhancedReader2.pdf,
    title = {{Enhanced Reader2.pdf}},
    author = {Garrick, Ryan C.}
}

@misc{EnhancedReader20.pdf,
    title = {{Enhanced Reader20.pdf}}
}

@misc{Cosenza-Nashat2009ExpressionBrain,
    title = {{Expression of the translocator protein of 18 kDa by microglia, macrophages and astrocytes based on immunohistochemical localization in abnormal human brain}},
    year = {2009},
    booktitle = {Neuropathology and Applied Neurobiology},
    author = {Cosenza-Nashat, M. and Zhao, M. L. and Suh, H. S. and Morgan, J. and Natividad, R. and Morgello, S. and Lee, S. C.},
    number = {3},
    pages = {306--328},
    volume = {35},
    doi = {10.1111/j.1365-2990.2008.01006.x},
    issn = {03051846},
    pmid = {19077109},
    keywords = {Alzheimer's disease, HIV encephalitis, Human, Multiple sclerosis, Peripheral benzodiazepine receptor, Positron emission tomography}
}

@article{Hadjikhani2020Extra-AxialAura,
    title = {{Extra-Axial Inflammatory Signal in Parameninges in Migraine with Visual Aura}},
    year = {2020},
    journal = {Annals of Neurology},
    author = {Hadjikhani, Nouchine and Albrecht, Daniel S. and Mainero, Caterina and Ichijo, Eri and Ward, Noreen and Granziera, Cristina and Z{\"{u}}rcher, Nicole R. and Akeju, Oluwaseun and Bonnier, Guillaume and Price, Julie and Hooker, Jacob M. and Napadow, Vitaly and Nahrendorf, Matthias and Loggia, Marco L. and Moskowitz, Michael A.},
    number = {6},
    pages = {939--949},
    volume = {87},
    doi = {10.1002/ana.25731},
    issn = {15318249},
    pmid = {32239542}
}

@article{DHondt2020FactorsPandemic,
    title = {{Factors Associated with Mental Health Disorders among University Students in France Confined during the COVID-19 Pandemic}},
    year = {2020},
    journal = {JAMA Network Open},
    author = {D'Hondt, Fabien and Wathelet, Marielle and Duhem, Stéphane and Vaiva, Guillaume and Baubet, Thierry and Habran, Enguerrand and Veerapa, Emilie and Debien, Christophe and Molenda, Sylvie and Horn, Mathilde and Grandgen{\`{e}}vre, Pierre and Notredame, Charles Edouard and D'Hondt, Fabien},
    number = {10},
    pages = {1--13},
    volume = {3},
    doi = {10.1001/jamanetworkopen.2020.25591},
    issn = {25743805},
    pmid = {33095252}
}

@article{Kang2018FunctionalStudy,
    title = {{Functional connectivity between the thalamus and the primary somatosensory cortex in major depressive disorder: a resting-state fMRI study}},
    year = {2018},
    journal = {BMC Psychiatry},
    author = {Kang, Lijun and Zhang, Aixia and Sun, Ning and Liu, Penghong and Yang, Chunxia and Li, Gaizhi and Liu, Zhifen and Wang, Yanfang and Zhang, Kerang},
    number = {1},
    pages = {4--11},
    volume = {18},
    publisher = {BMC Psychiatry},
    doi = {10.1186/s12888-018-1913-6},
    keywords = {Major depressive disorder,Functional connectivity,, functional connectivity, major depressive disorder, primary somatosensory cortex, si-thalamic, thalamus}
}

@misc{Kraynak2018FunctionalStudies,
    title = {{Functional neuroanatomy of peripheral inflammatory physiology: A meta-analysis of human neuroimaging studies}},
    year = {2018},
    booktitle = {Neuroscience and Biobehavioral Reviews},
    author = {Kraynak, Thomas E. and Marsland, Anna L. and Wager, Tor D. and Gianaros, Peter J.},
    pages = {76--92},
    volume = {94},
    doi = {10.1016/j.neubiorev.2018.07.013},
    issn = {18737528},
    pmid = {30067939},
    keywords = {Brain, Functional magnetic resonance imaging, Immunity, Inflammation, Meta-analysis, Multilevel kernel density analysis, Neuroimaging, Positron emission tomography, Stress}
}

@article{Logan1990GraphicalSubjects,
    title = {{Graphical Analysis of Reversible Radioligand Binding from Time-Activity Measurements Applied to [N-11C-Methyl]-(−)-Cocaine PET Studies in Human Subjects}},
    year = {1990},
    journal = {Journal of Cerebral Blood Flow and Metabolism},
    author = {Logan, Jean and Fowler, Joanna S and Volkow, Nora D and Wolf, Alfred P and Dewey, Stephen L and Schlyer, David J and MacGregor, Robert R and Hitzemann, Robert and Bendriem, Bernard and Gatley, S John and Christman, David R},
    number = {5},
    month = {9},
    pages = {740--747},
    volume = {10},
    publisher = {SAGE Publications Ltd STM},
    url = {https://doi.org/10.1038/jcbfm.1990.127},
    doi = {10.1038/jcbfm.1990.127},
    issn = {0271-678X}
}

@article{Lukens2012IL-1Disease,
    title = {{IL-1 family cytokines trigger sterile inflammatory disease}},
    year = {2012},
    journal = {Frontiers in Immunology},
    author = {Lukens, John R. and Gross, Jordan M. and Kanneganti, Thirumala Devi},
    number = {OCT},
    pages = {1--12},
    volume = {3},
    doi = {10.3389/fimmu.2012.00315},
    issn = {16643224},
    keywords = {Autoinflammatory disease, Caspase-1, Il-1, Il-18, Il-33, Inflammasome, Nlrp3, Sterile inflammation}
}

@article{Zanotti-Fregonara2011Image-derivedOpportunities,
    title = {{Image-derived input function for brain PET studies: Many challenges and few opportunities}},
    year = {2011},
    journal = {Journal of Cerebral Blood Flow and Metabolism},
    author = {Zanotti-Fregonara, Paolo and Chen, Kewei and Liow, Jeih San and Fujita, Masahiro and Innis, Robert B.},
    number = {10},
    pages = {1986--1998},
    volume = {31},
    doi = {10.1038/jcbfm.2011.107},
    issn = {0271678X},
    pmid = {21811289},
    keywords = {PET, derived input function, kinetic modeling, neuroreceptor tracers}
}

@article{Perlmutter2021ImmunologicalDepression,
    title = {{Immunological Interfaces: The COVID-19 Pandemic and Depression}},
    year = {2021},
    journal = {Frontiers in Neurology},
    author = {Perlmutter, Austin},
    number = {April},
    pages = {1--11},
    volume = {12},
    doi = {10.3389/fneur.2021.657004},
    issn = {16642295},
    pmid = {33967944},
    keywords = {COVID-19, SARS- CoV-2, cytokine storm, cytokines, depression, immunity, microglia, pandemic}
}

@article{Sciences2021ImprovedEstimate,
    title = {{Improved Contrast Recovery Coefficient in Low-count PET Imaging with Iterative Method using Tissue-Scattered Data Improved Contrast Recovery Coefficient in Low-count PET Imaging with Iterative Method using Tissue-Scattered Data as Initial Estimate}},
    year = {2021},
    author = {Sciences, Plasma Medical},
    keywords = {free entry keywords, image reconstruction, iterative algorithms, tomographic, tomographic image reconstruction}
}

@article{Eisenberger2017InBehavior,
    title = {{In Sickness and in Health: The Co-Regulation of Inflammation and Social Behavior}},
    year = {2017},
    journal = {Neuropsychopharmacology},
    author = {Eisenberger, Naomi I. and Moieni, Mona and Inagaki, Tristen K. and Muscatell, Keely A. and Irwin, Michael R.},
    number = {1},
    pages = {242--253},
    volume = {42},
    publisher = {Nature Publishing Group},
    doi = {10.1038/npp.2016.141},
    issn = {1740634X},
    pmid = {27480575}
}

@article{Alshelh2020In-vivoIllness,
    title = {{In-vivo imaging of neuroinflammation in veterans with Gulf War illness}},
    year = {2020},
    journal = {Brain, Behavior, and Immunity},
    author = {Alshelh, Zeynab and Albrecht, Daniel S. and Bergan, Courtney and Akeju, Oluwaseun and Clauw, Daniel J. and Conboy, Lisa and Edwards, Robert R. and Kim, Minhae and Lee, Yvonne C. and Protsenko, Ekaterina and Napadow, Vitaly and Sullivan, Kimberly and Loggia, Marco L.},
    number = {January},
    pages = {498--507},
    volume = {87},
    publisher = {Elsevier},
    url = {https://doi.org/10.1016/j.bbi.2020.01.020},
    doi = {10.1016/j.bbi.2020.01.020},
    issn = {10902139},
    pmid = {32027960}
}

@misc{CDC2020IndicatorsDays,
    title = {{Indicators of anxiety or depression based on reported frequency of symptoms during the last 7 days}},
    year = {2020},
    author = {CDC, National Center for Helth Statistics},
    publisher = {Department of Helath and Human Services, CDC, national Center for Health Stastistics}
}

@article{NA1999InformationAuthors,
    title = {{Information for Authors}},
    year = {1999},
    journal = {The Nurse Practitioner},
    author = {{{\&}NA;}},
    number = {3},
    pages = {135},
    volume = {24},
    doi = {10.1097/00006205-199902000-00015},
    issn = {0361-1817}
}

@article{Palagini2021InsomniaReview,
    title = {{Insomnia, sleep loss, and circadian sleep disturbances in mood disorders: a pathway toward neurodegeneration and neuroprogression? A theoretical review}},
    year = {2021},
    journal = {CNS Spectrums},
    author = {Palagini, Laura and Geoffroy, Pierre A. and Miniati, Mario and Perugi, Giulio and Biggio, Giovanni and Marazziti, Donatella and Riemann, Dieter},
    pages = {1--11},
    isbn = {1092852921},
    doi = {10.1017/s1092852921000018},
    issn = {1092-8529},
    keywords = {alterations, circadian sleep, insomnia, mood disorders, neurodegeneration, neuroprogression, sleep loss}
}

@article{LauraPalaginiPierreA.GeoffroyMarioMiniatiGiulioPerugiGiovanniBiggioDonatellaMarazziti2021InsomniaReview,
    title = {{Insomnia, sleep loss, and circadiansleep disturbances in mood disorders:a pathway toward neurodegeneration andneuroprogression? A theoretical review}},
    year = {2021},
    journal = {CNS Spectrums},
    author = {Laura Palagini, Pierre A. Geoffroy , Mario Miniati, Giulio Perugi, Giovanni Biggio, Donatella Marazziti, and Dieter Rieman}
}

@article{Ratai2018IntegratedSclerosis,
    title = {{Integrated imaging of [11C]-PBR28 PET, MR diffusion and magnetic resonance spectroscopy 1H-MRS in amyotrophic lateral sclerosis}},
    year = {2018},
    journal = {NeuroImage: Clinical},
    author = {Ratai, Eva Maria and Alshikho, Mohamad J. and Z{\"{u}}rcher, Nicole R. and Loggia, Marco L. and Cebulla, Catherine L. and Cernasov, Paul and Reynolds, Beverly and Fish, Jennifer and Seth, Raghav and Babu, Suma and Paganoni, Sabrina and Hooker, Jacob M. and Atassi, Nazem},
    number = {August},
    pages = {357--364},
    volume = {20},
    publisher = {Elsevier},
    url = {https://doi.org/10.1016/j.nicl.2018.08.007},
    doi = {10.1016/j.nicl.2018.08.007},
    issn = {22131582},
    pmid = {30112276},
    keywords = {1H-MRS, Amyotrophic lateral sclerosis, DTI, Glial activation, PET, [11C]-PBR28}
}

@article{DiSabato2020Interleukin-1Stress,
    title = {{Interleukin-1 receptor on hippocampal neurons drives social withdrawal and cognitive deficits after chronic social stress}},
    year = {2020},
    journal = {Molecular Psychiatry},
    author = {DiSabato, Damon J. and Nemeth, Daniel P. and Liu, Xiaoyu and Witcher, Kristina G. and O’Neil, Shane M. and Oliver, Braedan and Bray, Chelsea E. and Sheridan, John F. and Godbout, Jonathan P. and Quan, Ning},
    number = {May},
    publisher = {Springer US},
    url = {http://dx.doi.org/10.1038/s41380-020-0788-3},
    doi = {10.1038/s41380-020-0788-3},
    issn = {14765578}
}

@article{Mitchell2020ItBeyond,
    title = {{It is unprecedented: Trial management during the COVID-19 pandemic and beyond}},
    year = {2020},
    journal = {Trials},
    author = {Mitchell, Eleanor J. and Ahmed, Khaled and Breeman, Suzanne and Cotton, Seonaidh and Constable, Lynda and Ferry, Gillian and Goodman, Kirsteen and Hickey, Helen and Meakin, Garry and Mironov, Katy and Quann, Niamh and Wakefield, Natalie and McDonald, Alison},
    number = {1},
    pages = {1--7},
    volume = {21},
    doi = {10.1186/s13063-020-04711-6},
    issn = {17456215},
    pmid = {32917258},
    keywords = {COVID-19, Clinical trial, Pandemic, Trial management}
}

@misc{Jnm136341Reader.pdf,
    title = {{jnm136341 1825..1830 {\_} Enhanced Reader.pdf}}
}

@article{Hwang2020LonelinessPandemic,
    title = {{Loneliness and social isolation during the COVID-19 pandemic}},
    year = {2020},
    journal = {International Psychogeriatrics},
    author = {Hwang, Tzung Jeng and Rabheru, Kiran and Peisah, Carmelle and Reichman, William and Ikeda, Manabu},
    number = {10},
    pages = {1217--1220},
    volume = {32},
    doi = {10.1017/S1041610220000988},
    issn = {1741203X},
    pmid = {32450943}
}

@article{Jaremka2013LonelinessStress,
    title = {{Loneliness Promotes Inflammation During Acute Stress}},
    year = {2013},
    journal = {Psychological Science},
    author = {Jaremka, Lisa M. and Fagundes, Christopher P. and Peng, Juan and Bennett, Jeanette M. and Glaser, Ronald and Malarkey, William B. and Kiecolt-Glaser, Janice K.},
    number = {7},
    pages = {1089--1097},
    volume = {24},
    doi = {10.1177/0956797612464059},
    issn = {14679280},
    keywords = {health, inflammation, loneliness, neuroendocrinology, psychoneuroimmunology, stress reactions}
}

@article{WilliamD.S.KillgoreSaraA.CloonanEmilyC.Taylor2020Loneliness:COVID-19,
    title = {{Loneliness: A signature mental health concern in the era of COVID-19}},
    year = {2020},
    journal = {Psychiatry Research},
    author = {William D.S. Killgore, Sara A. Cloonan, Emily C. Taylor, Natalie S. Dailey}
}

@article{Dietze2020MentalCOVID-19,
    title = {{Mental Health, Substance Use, and Suicidal Ideation During the COVID-19}},
    year = {2020},
    journal = {Addictive Behaviors},
    author = {Dietze, Paul M. and Peacock, Amy and Mariottini, Claudia and Ojanper{\"{a}}, Ilkka and Kriikku, Pirkko and Wang, Quan Qiu and Kaelber, David C. and Xu, Rong and Volkow, Nora D. and Czeisler, Mark É and Ma, Rashon I Lane and Petrosky, Emiko and Wiley, Joshua F and Christensen, Aleta and Njai, Rashid and Weaver, Matthew D and Robbins, Rebecca and Facer-childs, Elise R and Barger, Laura K and Czeisler, Charles A and Howard, Mark E and Rajaratnam, Shantha M W and Taylor, Steven and Paluszek, Michelle M. and Rachor, Geoffrey S. and McKay, Dean and Asmundson, Gordon J.G. and Sun, Yankun and Bao, Yanping and Kosten, Thomas and Strang, John and Shi, Jie and Lu, Lin},
    number = {32},
    pages = {1049--1057},
    volume = {29},
    url = {https://doi.org/10.1016/j.addbeh.2020.106754%0Ahttp://dx.doi.org/10.1038/s41380-020-00880-7},
    issn = {18736327},
    pmid = {32445265},
    keywords = {Adverse Mental Health Effects And COVID-19, Alcohol abuse, COVID stress syndrome, COVID-19, COVID-19 And Mental Health, Drug abuse, Increased Substance Use Associated With COVID-19, Increased Suicidal Ideation During COVID-19 Pandem, Mental Health Conditions And COVID-19, Network analysis, Social distancing, drug-related death, harm-reduction, post-mortem toxicology}
}

@article{GoncalvesdeAndrade2021MicrogliaPandemic,
    title = {{Microglia Fighting for Neurological and Mental Health: On the Central Nervous System Frontline of COVID-19 Pandemic}},
    year = {2021},
    journal = {Frontiers in Cellular Neuroscience},
    author = {Gon{\c{c}}alves de Andrade, Elisa and {\v{S}}imon{\v{c}}i{\v{c}}ov{\'{a}}, Eva and Carrier, Micaël and Vecchiarelli, Haley A. and Robert, Marie Ève and Tremblay, Marie Ève},
    number = {February},
    pages = {1--22},
    volume = {15},
    doi = {10.3389/fncel.2021.647378},
    issn = {16625102},
    pmid = {33737867},
    keywords = {COVID-19, SARS-CoV-2, central nervous system, cytokines, hypoxia, microglia, neurological manifestations, psychosocial stress}
}

@article{LijuanTongYuGongPengWangWenfengHuJiliWangZhuoChen2017MicrogliaStresses,
    title = {{Microglia Loss Contributes to the Development of Major Depression Induced by Different Types of Chronic Stresses}},
    year = {2017},
    journal = {Neurochemical Research},
    author = {Lijuan Tong, Yu Gong, Peng Wang, Wenfeng Hu, Jili Wang, Zhuo Chen, Wei Zhang & Chao Huang},
    pages = {2698–2711},
    volume = {42}
}

@article{Tian2017MicrogliaDiseases,
    title = {{Microglia under psychosocial stressors along the aging trajectory: Consequences on neuronal circuits, behavior, and brain diseases}},
    year = {2017},
    journal = {Progress in Neuro-Psychopharmacology and Biological Psychiatry},
    author = {Tian, Li and Hui, Chin Wai and Bisht, Kanchan and Tan, Yunlong and Sharma, Kaushik and Chen, Song and Zhang, Xiangyang and Tremblay, Marie Eve},
    pages = {27--39},
    volume = {79},
    publisher = {Elsevier Inc.},
    url = {http://dx.doi.org/10.1016/j.pnpbp.2017.01.007},
    doi = {10.1016/j.pnpbp.2017.01.007},
    issn = {18784216},
    pmid = {28095309},
    keywords = {Aging, Inflammation, Microglia-neuron interactions, Oxidative stress, Psychosocial stress}
}

@article{Stein2017MicroglialBehaviors,
    title = {{Microglial over-activation by social defeat stress contributes to anxiety-and depressive-like behaviors}},
    year = {2017},
    journal = {Frontiers in Behavioral Neuroscience},
    author = {Stein, Dirson J. and Vasconcelos, Mailton F. and Albrechet-Souza, Lucas and Ceres{\'{e}}r, Keila M.M. and De Almeida, Rosa M.M.},
    number = {October},
    volume = {11},
    doi = {10.3389/fnbeh.2017.00207},
    issn = {16625153},
    keywords = {Immune cells, Inflammatory processes, Microglia, Neuroimmunity, Neuropsychiatric disorders, Psychosocial stress}
}

@article{Kursun2021MigrainePerspective,
    title = {{Migraine and neuroinflammation: the inflammasome perspective}},
    year = {2021},
    journal = {Journal of Headache and Pain},
    author = {Kursun, Oguzhan and Yemisci, Muge and van den Maagdenberg, Arn M.J.M. and Karatas, Hulya},
    number = {1},
    pages = {1--13},
    volume = {22},
    publisher = {The Journal of Headache and Pain},
    doi = {10.1186/s10194-021-01271-1},
    issn = {11292377},
    pmid = {34112082},
    keywords = {Comorbidity, Cortical spreading depolarization, Inflammasome, Migraine, Mitochondrial DNA, Neuroinflammation}
}

@article{Mertens2021MinimallyFunction,
    title = {{Minimally invasive quantification of cerebral P2X7R occupancy using dynamic [18F]JNJ-64413739 PET and MRA-driven image derived input function}},
    year = {2021},
    journal = {Scientific Reports},
    author = {Mertens, Nathalie and Schmidt, Mark E. and Hijzen, Anja and Van Weehaeghe, Donatienne and Ravenstijn, Paulien and Depre, Marleen and de Hoon, Jan and Van Laere, Koen and Koole, Michel},
    number = {1},
    pages = {1--11},
    volume = {11},
    publisher = {Nature Publishing Group UK},
    url = {https://doi.org/10.1038/s41598-021-95715-y},
    isbn = {0123456789},
    doi = {10.1038/s41598-021-95715-y},
    issn = {20452322},
    pmid = {34373571}
}

@article{Rezaei2014ML-reconstructionFactors,
    title = {{ML-reconstruction for TOF-PET with simultaneous estimation of the attenuation factors}},
    year = {2014},
    journal = {IEEE Transactions on Medical Imaging},
    author = {Rezaei, Ahmadreza and Defrise, Michel and Nuyts, Johan},
    number = {7},
    pages = {1563--1572},
    volume = {33},
    publisher = {IEEE},
    doi = {10.1109/TMI.2014.2318175},
    issn = {1558254X},
    pmid = {24760903},
    keywords = {Joint activity and attenuation estimation, maximum likelihood, self-normalization, time-of-flight (TOF) positron emission tomography}
}

@article{Tonietto2015ModellingStudies,
    title = {{Modelling arterial input functions in positron emission tomography dynamic studies}},
    year = {2015},
    journal = {Proceedings of the Annual International Conference of the IEEE Engineering in Medicine and Biology Society, EMBS},
    author = {Tonietto, Matteo and Rizzo, Gaia and Veronese, Mattia and Bertoldo, Alessandra},
    pages = {2247--2250},
    volume = {2015-Novem},
    publisher = {IEEE},
    isbn = {9781424492718},
    doi = {10.1109/EMBC.2015.7318839},
    issn = {1557170X},
    pmid = {26736739}
}

@article{Paedsurg2021MortalityStudy,
    title = {{Mortality from gastrointestinal congenital anomalies at high-income countries : a multicentre , international , prospective cohort study}},
    year = {2021},
    journal = {The Lancet},
    author = {Paedsurg, Global},
    number = {21},
    pages = {1--15},
    volume = {6736},
    doi = {10.1016/S0140-6736(21)00767-4}
}

@article{HolmesEAOConnorRCPerryVHTraceyIWesselySArseneaultLBallardCChristensenHCohenSilverREverallIFordTJohnAKabirTKingKMadanIMichieSPrzybylskiAKShafranRSweeneyAWorthmanCMYardleyLCowanKCopeCHot2020MultidisciplinaryScience,
    title = {{Multidisciplinary research priorities for the COVID-19 pandemic: a call for action for mental health science}},
    year = {2020},
    journal = {file:///Users/ly935/Desktop/PIIS2215036620301681.pdfLancet Psychiatryfile:///Users/ly935/Desktop/1-s2.0-S0278584617300350-main.pdf},
    author = {Holmes EA, O'Connor RC, Perry VH, Tracey I, Wessely S, Arseneault L, Ballard C, Christensen H, Cohen Silver R, Everall I, Ford T, John A, Kabir T, King K, Madan I, Michie S, Przybylski AK, Shafran R, Sweeney A, Worthman CM, Yardley L, Cowan K, Cope C, Hot, Bullmore E.},
    number = {6},
    pages = {547--560},
    volume = {7}
}

@article{Holmes2020MultidisciplinaryScience,
    title = {{Multidisciplinary research priorities for the COVID-19 pandemic: a call for action for mental health science}},
    year = {2020},
    journal = {The Lancet Psychiatry},
    author = {Holmes, Emily A. and O'Connor, Rory C. and Perry, V. Hugh and Tracey, Irene and Wessely, Simon and Arseneault, Louise and Ballard, Clive and Christensen, Helen and Cohen Silver, Roxane and Everall, Ian and Ford, Tamsin and John, Ann and Kabir, Thomas and King, Kate and Madan, Ira and Michie, Susan and Przybylski, Andrew K. and Shafran, Roz and Sweeney, Angela and Worthman, Carol M. and Yardley, Lucy and Cowan, Katherine and Cope, Claire and Hotopf, Matthew and Bullmore, Ed},
    number = {6},
    pages = {547--560},
    volume = {7},
    doi = {10.1016/S2215-0366(20)30168-1},
    issn = {22150374},
    pmid = {32304649}
}

@inproceedings{Brand1993MultinuclearCells,
    title = {{Multinuclear NMR studies on the energy metabolism of glial and neuronal cells}},
    year = {1993},
    booktitle = {Developmental Neuroscience},
    author = {Brand, A. and Richter-Landsberg, C. and Leibfritz, D.},
    doi = {10.1159/000111347},
    issn = {03785866}
}

@article{Hattingen2008Myo-inositol:Tumors,
    title = {{Myo-inositol: A marker of reactive astrogliosis in glial tumors?}},
    year = {2008},
    journal = {NMR in Biomedicine},
    author = {Hattingen, Elke and Raab, Peter and Franz, Kea and Zanella, Friedhelm E. and Lanfermann, Heinrich and Pilatus, Ulrich},
    doi = {10.1002/nbm.1186},
    issn = {09523480},
    pmid = {17562554}
}

@article{Slavich2010NeuralStress,
    title = {{Neural sensitivity to social rejection is associated with inflammatory responses to social stress}},
    year = {2010},
    journal = {Proceedings of the National Academy of Sciences of the United States of America},
    author = {Slavich, George M. and Way, Baldwin M. and Eisenberger, Naomi I. and Taylor, Shelley E.},
    number = {33},
    pages = {14817--14822},
    volume = {107},
    doi = {10.1073/pnas.1009164107},
    issn = {00278424},
    pmid = {20679216},
    keywords = {Anterior cingulate, Depression, Disease, Inflammation, Insula}
}

@article{Alshelh2022NeuroimmuneSubtypes,
    title = {{Neuroimmune signatures in chronic low back pain subtypes}},
    year = {2022},
    journal = {Brain},
    author = {Alshelh, Zeynab and Brusaferri, Ludovica and Saha, Atreyi and Morrissey, Erin and Knight, Paulina and Kim, Minhae and Zhang, Yi and Hooker, Jacob M. and Albrecht, Daniel and Torrado-Carvajal, Angel and Placzek, Michael S. and Akeju, Oluwaseun and Price, Julie and Edwards, Robert R. and Lee, Jeungchan and Sclocco, Roberta and Catana, Ciprian and Napadow, Vitaly and Loggia, Marco L.},
    number = {3},
    pages = {1098--1110},
    volume = {145},
    doi = {10.1093/brain/awab336},
    issn = {14602156},
    pmid = {34528069},
    keywords = {chronic pain, functional connectivity, glial cells, inflammation, neuropathic}
}

@article{Troubat2021NeuroinflammationReview,
    title = {{Neuroinflammation and depression: A review}},
    year = {2021},
    journal = {European Journal of Neuroscience},
    author = {Troubat, Romain and Barone, Pascal and Leman, Samuel and Desmidt, Thomas and Cressant, Arnaud and Atanasova, Boriana and Brizard, Bruno and El Hage, Wissam and Surget, Alexandre and Belzung, Catherine and Camus, Vincent},
    number = {1},
    pages = {151--171},
    volume = {53},
    doi = {10.1111/ejn.14720},
    issn = {14609568},
    pmid = {32150310},
    keywords = {HPA axis, cytokines, depression, hippocampal neurogenesis, kynurenine, microglia, neuroinflammation, serotonin}
}

@article{TroubatRBaronePLemanSDesmidtTCressantAAtanasovaBBrizardBElHageWSurgetABelzungC2021NeuroinflammationReview.,
    title = {{Neuroinflammation and depression: A review.}},
    year = {2021},
    journal = {Eur J Neurosci.},
    author = {Troubat R, Barone P, Leman S, Desmidt T, Cressant A, Atanasova B, Brizard B, El Hage W, Surget A, Belzung C, and Camus V.},
    number = {1},
    pages = {151--171},
    volume = {53}
}

@article{Zhu2019NeuroinflammationMice,
    title = {{Neuroinflammation caused by mental stress: the effect of chronic restraint stress and acute repeated social defeat stress in mice}},
    year = {2019},
    journal = {Neurological Research},
    author = {Zhu, Yuequan and Klomparens, Eric Allen and Guo, Sichao and Geng, Xiaokun},
    number = {8},
    pages = {762--769},
    volume = {41},
    publisher = {Taylor {\&} Francis},
    url = {https://doi.org/10.1080/01616412.2019.1615670},
    doi = {10.1080/01616412.2019.1615670},
    issn = {17431328},
    pmid = {31092145},
    keywords = {Cerebrovascular disease (CVD), chronic restraint stress model (CRS), major depressive disorder (MDD), neuroinflammation, repeated social defeat stress model (RSDS)}
}

@article{Nakatomi2014NeuroinflammationStudy,
    title = {{Neuroinflammation in patients with chronic fatigue syndrome/myalgic encephalomyelitis: An11C-(R)-PK11195 PET study}},
    year = {2014},
    journal = {Journal of Nuclear Medicine},
    author = {Nakatomi, Yasuhito and Mizuno, Kei and Ishii, Akira and Wada, Yasuhiro and Tanaka, Masaaki and Tazawa, Shusaku and Onoe, Kayo and Fukuda, Sanae and Kawabe, Joji and Takahashi, Kazuhiro and Kataoka, Yosky and Shiomi, Susumu and Yamaguti, Kouzi and Inaba, Masaaki and Kuratsune, Hirohiko and Watanabe, Yasuyoshi},
    number = {6},
    pages = {945--950},
    volume = {55},
    doi = {10.2967/jnumed.113.131045},
    issn = {01615505},
    pmid = {24665088},
    keywords = {Chronic fatigue syndrome (CFS), Myalgic encephalomyelitis (ME), Neuroinflammation, Positron emission tomography (PET)}
}

@article{Sari2018Non-invasive11C-SB201745,
    title = {{Non-invasive kinetic modelling of PET tracers with radiometabolites using a constrained simultaneous estimation method: evaluation with 11C-SB201745}},
    year = {2018},
    journal = {EJNMMI Research},
    author = {Sari, Hasan and Erlandsson, Kjell and Marner, Lisbeth and Law, Ian and Larsson, Henrik B.W. and Thielemans, Kris and Ourselin, Sébastien and Arridge, Simon and Atkinson, David and Hutton, Brian F.},
    volume = {8},
    publisher = {EJNMMI Research},
    doi = {10.1186/s13550-018-0412-6},
    issn = {2191219X},
    keywords = {Arterial input function, Kinetic modelling, PET/MR, Positron emission tomography}
}

@article{Glass2021NotHaze,
    title = {{Not All in Our Heads: Pandemic “Brain Fog” and What We Can Do To Clear the Haze}},
    year = {2021},
    author = {Glass, Genevieve}
}

@article{Tanner2009OccupationParkinsonism,
    title = {{Occupation and Risk of Parkinsonism}},
    year = {2009},
    journal = {Archives of Neurology},
    author = {Tanner, Caroline M. and Ross, G. Webster and Jewell, Sarah A. and Hauser, Robert A. and Jankovic, Joseph and Factor, Stewart A. and Bressman, Susan and Deligtisch, Amanda and Marras, Connie and Lyons, Kelly E. and Bhudhikanok, Grace S. and Roucoux, Diana F. and Meng, Cheryl and Abbott, Robert D. and Langston, J. William},
    number = {9},
    pages = {1106--1113},
    volume = {66},
    doi = {10.1001/archneurol.2009.195},
    issn = {0003-9942}
}

@article{Eisenberger2010PainDifferences,
    title = {{Pain : The Role of Sex Differences}},
    year = {2010},
    journal = {Neuroimage},
    author = {Eisenberger, Naomi I and Inagaki, Tristen K and Rameson, Lian T and Mashal, Nehjla M and Irwin, R},
    number = {3},
    pages = {881--890},
    volume = {47},
    doi = {10.1016/j.neuroimage.2009.04.040.An}
}

@article{Delso2011PerformanceScanner,
    title = {{Performance measurements of the siemens mMR integrated whole-body PET/MR scanner}},
    year = {2011},
    journal = {Journal of Nuclear Medicine},
    author = {Delso, Gaspar and F{\"{u}}rst, Sebastian and Jakoby, Björn and Ladebeck, Ralf and Ganter, Carl and Nekolla, Stephan G. and Schwaiger, Markus and Ziegler, Sibylle I.},
    number = {12},
    pages = {1914--1922},
    volume = {52},
    doi = {10.2967/jnumed.111.092726},
    issn = {01615505},
    pmid = {22080447},
    keywords = {NEMA, PET/MR, Performance}
}

@misc{Ran2018PET11CPBR28,
    title = {{PET Imaging of Human Brown Adipose Tissue with the TSPO Tracer [11C]PBR28}},
    year = {2018},
    booktitle = {Molecular Imaging and Biology},
    author = {Ran, Chongzhao and Albrecht, Daniel S. and Bredella, Miriam A. and Yang, Jing and Yang, Jian and Liang, Steven H. and Cypess, Aaron M. and Loggia, Marco L. and Atassi, Nazem and Moore, Anna},
    number = {2},
    pages = {188--193},
    volume = {20},
    doi = {10.1007/s11307-017-1129-z},
    issn = {18602002},
    pmid = {28983743},
    keywords = {Brown adipose tissue, C-11 PBR28, Metabolic disease, TSPO, Thermoneutral conditions}
}

@article{Lillington2020PET/MRITechniques,
    title = {{PET/MRI attenuation estimation in the lung: A review of past, present, and potential techniques}},
    year = {2020},
    journal = {Medical Physics},
    author = {Lillington, Joseph and Brusaferri, Ludovica and Kl{\"{a}}ser, Kerstin and Shmueli, Karin and Neji, Radhouene and Hutton, Brian F. and Fraioli, Francesco and Arridge, Simon and Cardoso, Manuel Jorge and Ourselin, Sebastien and Thielemans, Kris and Atkinson, David},
    number = {2},
    pages = {790--811},
    volume = {47},
    doi = {10.1002/mp.13943},
    issn = {00942405},
    pmid = {31794071},
    keywords = {attenuation estimation, lung, magnetic resonance imaging, medical imaging, positron emission tomography}
}

@article{Song2017PharmacologicalHumans,
    title = {{Pharmacological modulation of noradrenergic arousal circuitry disrupts functional connectivity of the locus ceruleus in humans}},
    year = {2017},
    journal = {Journal of Neuroscience},
    author = {Song, Andrew H. and Kucyi, Aaron and Napadow, Vitaly and Brown, Emery N. and Loggia, Marco L. and Akeju, Oluwaseun},
    number = {29},
    pages = {6938--6945},
    volume = {37},
    doi = {10.1523/JNEUROSCI.0446-17.2017},
    issn = {15292401},
    pmid = {28626012},
    keywords = {Altered arousal, Dexmedetomidine, Functional connectivity, Locus ceruleus, Noradrenergic arousal circuit, Posterior cingulate cortex}
}

@article{Ferrante2022PhysicallyImaging,
    title = {{Physically Informed Neural Network for Non-Invasive Arterial Input Function Estimation In Dynamic PET Imaging}},
    year = {2022},
    journal = {Medical Imaging with Deep Learning – Under Review},
    author = {Ferrante, Matteo and Inglese, Marianna and Brusaferri, Ludovica and Whitehead, Alexander and Loggia, Marco and Toschi, Nicola},
    pages = {1--3},
    keywords = {AIF, PINN, quantitative PET imaging, separable convolutions}
}

@article{VowinckelEReutensDBecherBVergeGEvansAOwensT1997PK11195Encephalomyelitis,
    title = {{PK11195 binding to the peripheral benzodiazepine receptor as a marker of microglia activation in multiple sclerosis and experimental autoimmune encephalomyelitis}},
    year = {1997},
    journal = {J Neurosci},
    author = {Vowinckel E, Reutens D, Becher B, Verge G, Evans A, Owens T, Antel JP},
    number = {2},
    pages = {343--53},
    volume = {50}
}

@article{Albrecht2018PseudoreferenceCohorts,
    title = {{Pseudoreference regions for glial imaging with 11 C-PBR28: Investigation in 2 clinical cohorts}},
    year = {2018},
    journal = {Journal of Nuclear Medicine},
    author = {Albrecht, Daniel S. and Normandin, Marc D. and Shcherbinin, Sergey and Wooten, Dustin W. and Schwarz, Adam J. and Z{\"{u}}rcher, Nicole R. and Barth, Vanessa N. and Guehl, Nicolas J. and Akeju, Oluwaseun and Atassi, Nazem and Veronese, Mattia and Turkheimer, Federico and Hooker, Jacob M. and Loggia, Marco L.},
    number = {1},
    pages = {107--114},
    volume = {59},
    doi = {10.2967/jnumed.116.178335},
    issn = {2159662X},
    pmid = {28818984},
    keywords = {Astrocytes, Human, Microglia, Neuroimmunology, Neuroinflammation}
}

@article{AlbrechtDSNormandinMDShcherbininSWootenDWSchwarzAJZurcherNRBarthVNGuehlNJAkejuOAtassiNVeroneseMTurkheimerFHookerJM2018PseudoreferenceCohorts,
    title = {{Pseudoreference Regions for Glial Imaging with 11C-PBR28: Investigation in 2 Clinical Cohorts}},
    year = {2018},
    journal = {J Nucl Med},
    author = {Albrecht DS, Normandin MD, Shcherbinin S, Wooten DW, Schwarz AJ, Z{\"{u}}rcher NR, Barth VN, Guehl NJ, Akeju O, Atassi N, Veronese M, Turkheimer F, Hooker JM, Loggia ML},
    number = {1},
    pages = {107--114},
    volume = {59}
}

@misc{PseudoreferenceReader.pdf,
    title = {{Pseudoreference Regions for Glial Imaging with 11C-PBR28{\_} Investigation in 2 Clinical Cohorts {\_} Enhanced Reader.pdf}}
}

@misc{PsychiatricPubMed,
    title = {{Psychiatric face of COVID-19 - PubMed}},
    url = {https://pubmed.ncbi.nlm.nih.gov/32732883/}
}

@article{McGinty2020Psychological2020,
    title = {{Psychological Distress and Loneliness Reported by US Adults in 2018 and April 2020}},
    year = {2020},
    journal = {JAMA - Journal of the American Medical Association},
    author = {McGinty, Emma E. and Presskreischer, Rachel and Han, Hahrie and Barry, Colleen L.},
    number = {1},
    pages = {93--94},
    volume = {324},
    doi = {10.1001/jama.2020.9740},
    issn = {15383598},
    pmid = {32492088}
}

@article{DStefanFDiCesareAAndrasescuEPopa2ALazarievEVescovoOStrbakSWilliams3ZStarcuk2009QuantitationPackage,
    title = {{Quantitation of magnetic resonance spectroscopy signals: the jMRUI software package}},
    year = {2009},
    journal = {Measurement Science and Technology},
    author = {D Stefan, F Di Cesare, A Andrasescu, E Popa2, A Lazariev, E Vescovo, O Strbak, S Williams3 Z Starcuk, M Cabanas},
    volume = {20}
}

@article{Haug2020RankingInterventions,
    title = {{Ranking the effectiveness of worldwide COVID-19 government interventions}},
    year = {2020},
    journal = {Nature Human Behaviour},
    author = {Haug, Nils and Geyrhofer, Lukas and Londei, Alessandro and Dervic, Elma and Desvars-Larrive, Amélie and Loreto, Vittorio and Pinior, Beate and Thurner, Stefan and Klimek, Peter},
    number = {12},
    pages = {1303--1312},
    volume = {4},
    publisher = {Springer US},
    url = {http://dx.doi.org/10.1038/s41562-020-01009-0},
    doi = {10.1038/s41562-020-01009-0},
    issn = {23973374},
    pmid = {33199859}
}

@article{DeanBTawadrosNScarrE2010Regionally-specificDisorder,
    title = {{Regionally-specific changes in levels of tumour necrosis factor in the dorsolateral prefrontal cortex obtained postmortem from subjects with major depressive disorder}},
    year = {2010},
    journal = {J Affect Disord},
    author = {Dean B, Tawadros N, Scarr E, and Gibbons AS},
    number = {1-3},
    pages = {245--248},
    volume = {120}
}

@misc{KopschinaFeltes2019RepeatedStudy,
    title = {{Repeated social defeat induces transient glial activation and brain hypometabolism: A positron emission tomography imaging study}},
    year = {2019},
    booktitle = {Journal of Cerebral Blood Flow and Metabolism},
    author = {Kopschina Feltes, Paula and de Vries, Erik F.J. and Juarez-Orozco, Luis E. and Kurtys, Ewelina and Dierckx, Rudi A.J.O. and Moriguchi-Jeckel, Cristina M. and Doorduin, Janine},
    number = {3},
    pages = {439--453},
    volume = {39},
    doi = {10.1177/0271678X17747189},
    issn = {15597016},
    pmid = {29271288},
    keywords = {Brain metabolism, depression, neuroinflammation, positron emission tomography imaging, repeated social defeat}
}

@misc{Weber2017RepeatedSignal,
    title = {{Repeated Social Defeat, Neuroinflammation, and Behavior: Monocytes Carry the Signal}},
    year = {2017},
    booktitle = {Neuropsychopharmacology},
    author = {Weber, Michael D. and Godbout, Jonathan P. and Sheridan, John F.},
    number = {1},
    pages = {46--61},
    volume = {42},
    doi = {10.1038/npp.2016.102},
    issn = {1740634X},
    pmid = {27319971}
}

@article{Everett2009SafetySubjects,
    title = {{Safety of radial arterial catheterization in PET research subjects}},
    year = {2009},
    journal = {Journal of Nuclear Medicine},
    author = {Everett, Benjamin A. and Oquendo, Maria A. and Abi-Dargham, Anissa and Nobler, Mitchell S. and Devanand, Davangere P. and Lisanby, Sarah H. and Mann, J. John and Parsey, Ramin V.},
    number = {10},
    pages = {1742},
    volume = {50},
    doi = {10.2967/jnumed.109.063206},
    issn = {01615505},
    pmid = {19759106}
}

@article{Douaud2022SARS-CoV-2Biobank.,
    title = {{SARS-CoV-2 is associated with changes in brain structure in UK Biobank.}},
    year = {2022},
    journal = {Nature},
    author = {Douaud, Gwenaëlle and Lee, Soojin and Alfaro-Almagro, Fidel and Arthofer, Christoph and Wang, Chaoyue and McCarthy, Paul and Lange, Frederik and Andersson, Jesper L R and Griffanti, Ludovica and Duff, Eugene and Jbabdi, Saad and Taschler, Bernd and Keating, Peter and Winkler, Anderson M and Collins, Rory and Matthews, Paul M and Allen, Naomi and Miller, Karla L and Nichols, Thomas E and Smith, Stephen M},
    url = {http://www.ncbi.nlm.nih.gov/pubmed/35255491},
    doi = {10.1038/s41586-022-04569-5},
    issn = {1476-4687},
    pmid = {35255491}
}

@article{Stefano2021SelectiveSurvival,
    title = {{Selective neuronal mitochondrial targeting in SARS-CoV-2 infection affects cognitive processes to induce 'Brain Fog' and results in behavioral changes that favor viral survival}},
    year = {2021},
    journal = {Medical Science Monitor},
    author = {Stefano, George B. and Ptacek, Radek and Ptackova, Hana and Martin, Anders and Kream, Richard M.},
    pages = {1--4},
    volume = {27},
    doi = {10.12659/MSM.930886},
    issn = {16433750},
    pmid = {33487628},
    keywords = {COVID-19, Coronavirus, Hypoxia, Brain, Mitochondria}
}

@article{Smith2021SicknessCOVID,
    title = {{Sickness and the Social Brain: Love in the Time of COVID}},
    year = {2021},
    journal = {Frontiers in Psychiatry},
    author = {Smith, Caroline J. and Bilbo, Staci D.},
    number = {February},
    pages = {1--14},
    volume = {12},
    doi = {10.3389/fpsyt.2021.633664},
    issn = {16640640},
    pmid = {33692712},
    keywords = {immune, infection, sex differences, social behavior, social stress and social support}
}

@article{Turkheimer2022SicknessInteractions,
    title = {{Sickness Behaviour and Depression: An Updated Model of Peripheral-Central Immunity Interactions}},
    year = {2022},
    journal = {Brain Behavior and Immunity},
    author = {Turkheimer, Federico E. and Veronese, Mattia and Mondelli, Valeria and Cash, Diana and Pariante, Carmine M.},
    number = {March},
    publisher = {The Author(s)},
    url = {https://doi.org/10.1016/j.bbi.2023.03.031},
    isbn = {8862277121},
    doi = {10.1016/j.bbi.2023.03.031},
    issn = {0889-1591},
    keywords = {art, covid-19, design, hybrid education, online education, technology-enhanced}
}

@misc{Single-nucleusReader.pdf,
    title = {{Single-nucleus transcriptome analysis of human brain immune response in patients with severe COVID-19 {\_} Enhanced Reader.pdf}}
}

@article{AlOmran2022SocialThem,
    title = {{Social isolation induces neuroinflammation and microglia overactivation, while dihydromyricetin prevents and improves them}},
    year = {2022},
    journal = {Journal of Neuroinflammation},
    author = {Al Omran, Alzahra J. and Shao, Amy S. and Watanabe, Saki and Zhang, Zeyu and Zhang, Jifeng and Xue, Chen and Watanabe, Junji and Davies, Daryl L. and Shao, Xuesi M. and Liang, Jing},
    number = {1},
    pages = {1--12},
    volume = {19},
    doi = {10.1186/s12974-021-02368-9},
    issn = {17422094},
    pmid = {34983568},
    keywords = {Anxiety, Dihydromyricetin (DHM), GABAAR, Microglia, Neuroinflammation, Social isolation}
}

@article{Zautra2016SocialResilience,
    title = {{Social pain and physical pain: shared paths to resilience}},
    year = {2016},
    journal = {Pain Manag},
    author = {Zautra, John A Sturgeon and Alex J},
    number = {1},
    pages = {63--74},
    volume = {6}
}

@article{Ciuparu2020Soft++Architectures,
    title = {{Soft++, a multi-parametric non-saturating non-linearity that improves convergence in deep neural architectures}},
    year = {2020},
    journal = {Neurocomputing},
    author = {Ciuparu, Andrei and Nagy-D{\u{a}}b{\^{a}}can, Adriana and Mure{\c{s}}an, Raul C.},
    pages = {376--388},
    volume = {384},
    doi = {10.1016/j.neucom.2019.12.014},
    issn = {18728286},
    keywords = {Activation function, Convolutional neural network, Deep learning, Error backpropagation, Multi-layer perceptron}
}

@article{Kim2020StriatalPatients,
    title = {{Striatal hypofunction as a neural correlate of mood alterations in chronic pain patients}},
    year = {2020},
    journal = {NeuroImage},
    author = {Kim, Minhae and Mawla, Ishtiaq and Albrecht, Daniel S. and Admon, Roee and Torrado-Carvajal, Angel and Bergan, Courtney and Protsenko, Ekaterina and Kumar, Poornima and Edwards, Robert R. and Saha, Atreyi and Napadow, Vitaly and Pizzagalli, Diego A. and Loggia, Marco L.},
    number = {December 2019},
    pages = {116656},
    volume = {211},
    publisher = {Elsevier Ltd},
    url = {https://doi.org/10.1016/j.neuroimage.2020.116656},
    doi = {10.1016/j.neuroimage.2020.116656},
    issn = {10959572},
    pmid = {32068162},
    keywords = {Chronic pain, Functional magnetic resonance imaging (fMRI), Monetary incentive delay task, Mood alteration, Reward circuitry, Striatal hypofunction}
}

@article{Hamilton2021SystemicPandemic,
    title = {{Systemic in fl ammation and emotional responses during the COVID-19 pandemic}},
    year = {2021},
    author = {Hamilton, Odessa S},
    number = {November},
    pages = {1--7}
}

@article{Corlier2018SystemicRisk,
    title = {{Systemic inflammation as a predictor of brain aging: Contributions of physical activity, metabolic risk, and genetic risk}},
    year = {2018},
    journal = {NeuroImage},
    author = {Corlier, Fabian and Hafzalla, George and Faskowitz, Joshua and Kuller, Lewis H. and Becker, James T. and Lopez, Oscar L. and Thompson, Paul M. and Braskie, Meredith N.},
    pages = {118--129},
    volume = {172},
    doi = {10.1016/j.neuroimage.2017.12.027},
    issn = {10959572},
    pmid = {29357308},
    keywords = {AD, Alzheimer's disease, Brain structure, Brain volume, C-reactive protein, CRP, Cholesterol, Cognitive aging, Cortical thickness, Gene, Genetic risk, Inflammation, Insulin, Metabolic risk, Neuroinflammation, Obesity, Physical activity, Polygenic risk score}
}

@article{ArminKolbHansFWehrlMatthiasHofmannMartinSJudenhoferLarsErikssonRalfLadebeckMatthiasPLichyLarryByarsChristianMichelHeinz-PeterSchlemmerMatthiasSchmandClausDClaussenVesnaSossi2012TechnicalSystem,
    title = {{Technical performance evaluation of a human brain PET/MRI system}},
    year = {2012},
    journal = {European radiology},
    author = {Armin Kolb, Hans F Wehrl, Matthias Hofmann, Martin S Judenhofer, Lars Eriksson, Ralf Ladebeck, Matthias P Lichy, Larry Byars, Christian Michel, Heinz-Peter Schlemmer, Matthias Schmand, Claus D Claussen, Vesna Sossi, Bernd J Pichler},
    number = {8},
    volume = {22}
}

@article{Mansur2020TestretestBrain,
    title = {{Test–retest variability and reference region-based quantification of 18F-BCPP-EF for imaging mitochondrial complex I in the human brain}},
    year = {2020},
    journal = {Journal of Cerebral Blood Flow and Metabolism},
    author = {Mansur, Ayla and Rabiner, Eugenii A. and Tsukada, Hideo and Comley, Robert A. and Lewis, Yvonne and Huiban, Mickael and Passchier, Jan and Gunn, Roger N.},
    doi = {10.1177/0271678X20928149},
    issn = {15597016},
    keywords = {Brain imaging, MC-I, kinetic modelling, neurodegeneration, positron emission tomography}
}

@book{Weerasekera2021ThalamicReplacement,
    title = {{Thalamic neurometabolite alterations in patients with knee osteoarthritis before and after total knee replacement}},
    year = {2021},
    booktitle = {Pain},
    author = {Weerasekera, Akila and Morrissey, Erin and Kim, Minhae and Saha, Atreyi and Lin, Yang and Alshelh, Zeynab and Torrado-Carvajal, Angel and Albrecht, Daniel and Akeju, Oluwaseun and Kwon, Young-Min and Bedair, Hany and Chen, Antonia F. and Napadow, Vitaly and Schreiber, Kristin and Ratai, Eva-Maria and Edwards, Robert R. and Loggia, Marco L.},
    number = {7},
    pages = {2014--2023},
    volume = {162},
    isbn = {0000000000},
    doi = {10.1097/j.pain.0000000000002198},
    issn = {0304-3959},
    pmid = {33470749}
}

@article{Smith2020TheMeta-analysis,
    title = {{The association between loneliness, social isolation and inflammation: A systematic review and meta-analysis}},
    year = {2020},
    journal = {Neuroscience and Biobehavioral Reviews},
    author = {Smith, Kimberley J. and Gavey, Shannon and RIddell, Natalie E. and Kontari, Panagiota and Victor, Christina},
    number = {September 2019},
    pages = {519--541},
    volume = {112},
    publisher = {Elsevier},
    url = {https://doi.org/10.1016/j.neubiorev.2020.02.002},
    isbn = {4201706907},
    doi = {10.1016/j.neubiorev.2020.02.002},
    issn = {18737528},
    pmid = {32092313},
    keywords = {C-reactive protein, Fibrinogen, Inflammation, Interleukin-6, Loneliness, Social isolation}
}

@misc{Hagerty2020TheConnection,
    title = {{The impact of COVID-19 on mental health: The interactive roles of brain biotypes and human connection}},
    year = {2020},
    booktitle = {Brain, Behavior, {\&} Immunity - Health},
    author = {Hagerty, Sarah L. and Williams, Leanne M.},
    pages = {100078},
    volume = {5},
    doi = {10.1016/j.bbih.2020.100078},
    issn = {26663546},
    pmid = {32382727}
}

@article{Liu2020TheTerritories,
    title = {{The impact of non-pharmaceutical interventions on SARS-CoV-2 transmission across 130 countries and territories}},
    year = {2020},
    journal = {medRxiv},
    author = {Liu, Yang and Morgenstern, Christian and Kelly, James and Lowe, Rachel and Jit, Mark},
    pages = {1--12},
    publisher = {BMC Medicine},
    doi = {10.1101/2020.08.11.20172643},
    keywords = {Non-pharmaceutical interventions,Policy evaluation, covid-19, health impact assessment, longitudinal analysis, non-pharmaceutical interventions, pandemic, policy evaluation, public health intervention, quantitative, sars-cov-2}
}

@article{Rabiner2015TheDesign,
    title = {{The impact of the rs6971 polymorphism in TSPO for quantification and study design}},
    year = {2015},
    journal = {Clinical and Translational Imaging},
    author = {Rabiner, D R Owen Q Guo E A and Gunn, R N},
    number = {6},
    pages = {417--422},
    volume = {3},
    publisher = {Springer Milan},
    doi = {10.1007/s40336-015-0141-z},
    issn = {2281-7565}
}

@article{OwenDRGuoQRabinerEA2015TheDesign,
    title = {{The impact of the rs6971 polymorphism in TSPOfor quantiﬁcation and study design}},
    year = {2015},
    journal = {Clinical and Translational Imaging},
    author = {Owen DR, Guo Q, Rabiner EA, And and RN, Gunn RN},
    pages = {417--422}
}

@article{Brusaferri2021ThePandemic,
    title = {{The Pandemic Brain: neuroinflammation in healthy, non-infected individuals during the COVID-19 pandemic}},
    year = {2021},
    journal = {medRxiv},
    author = {Brusaferri, Ludovica and Alshelh, Zeynab and Martins, Daniel and Kim, Minhae and Weerasekera, Akila and Housman, Hope and Morrisey, Erin J. and Knight, Paulina C. and Castro-Blanco, Kelly A. and Albrecht, Daniel S. and Tseng, Chieh-En and Z{\"{u}}rcher, Nicole R. and Ratai, Eva-Maria and Johnson-Akeju, Oluwaseun and Mercaldo, Nathaniel D. and Hadjikhani, Nouchine and Veronese, Mattia and Turkheimer, Federico and Rosen, Bruce R. and Hooker, Jacob M. and Loggia, Marco L.},
    number = {February},
    pages = {2021.09.21.21263740},
    volume = {102},
    url = {https://www.medrxiv.org/content/10.1101/2021.09.21.21263740v1%0Ahttps://www.medrxiv.org/content/10.1101/2021.09.21.21263740v1.abstract}
}

@article{Brusaferri2022ThePandemic,
    title = {{The pandemic brain: Neuroinflammation in non-infected individuals during the COVID-19 pandemic}},
    year = {2022},
    journal = {Brain, Behavior, and Immunity},
    author = {Brusaferri, Ludovica and Alshelh, Zeynab and Martins, Daniel and Kim, Minhae and Weerasekera, Akila and Housman, Hope and Morrissey, Erin J. and Knight, Paulina C. and Castro-Blanco, Kelly A. and Albrecht, Daniel S. and Tseng, Chieh En and Z{\"{u}}rcher, Nicole R. and Ratai, Eva Maria and Akeju, Oluwaseun and Makary, Meena M. and Catana, Ciprian and Mercaldo, Nathaniel D. and Hadjikhani, Nouchine and Veronese, Mattia and Turkheimer, Federico and Rosen, Bruce R. and Hooker, Jacob M. and Loggia, Marco L.},
    number = {February},
    pages = {89--97},
    volume = {102},
    publisher = {Elsevier Inc.},
    url = {https://doi.org/10.1016/j.bbi.2022.02.018},
    doi = {10.1016/j.bbi.2022.02.018},
    issn = {10902139},
    pmid = {35181440},
    keywords = {MRS, Mental health, Neuroimaging, PET, Pandemic, Stress}
}

@article{YufengJiangZiyinHuangLijieMi2020TheDisorder,
    title = {{The potential role of inflammation reaction in COVID-19 related posttraumatic stress disorder}},
    year = {2020},
    journal = {Asian J Psychiatr},
    author = {Yufeng Jiang, Ziyin Huang, Lijie Mi, Yafeng Zhou}
}

@article{Brooks2020TheEvidence,
    title = {{The psychological impact of quarantine and how to reduce it: rapid review of the evidence}},
    year = {2020},
    journal = {The Lancet},
    author = {Brooks, Samantha K. and Webster, Rebecca K. and Smith, Louise E. and Woodland, Lisa and Wessely, Simon and Greenberg, Neil and Rubin, Gideon James},
    number = {10227},
    pages = {912--920},
    volume = {395},
    publisher = {Elsevier Ltd},
    url = {http://dx.doi.org/10.1016/S0140-6736(20)30460-8},
    doi = {10.1016/S0140-6736(20)30460-8},
    issn = {1474547X},
    pmid = {32112714}
}

@article{Kahan2014TheStudies,
    title = {{The risks and rewards of covariate adjustment in randomized trials: An assessment of 12 outcomes from 8 studies}},
    year = {2014},
    journal = {Trials},
    author = {Kahan, Brennan C. and Jairath, Vipul and Dor{\'{e}}, Caroline J. and Morris, Tim P.},
    number = {1},
    pages = {1--7},
    volume = {15},
    doi = {10.1186/1745-6215-15-139},
    issn = {17456215},
    pmid = {24755011},
    keywords = {Adjusted analysis, clinical trial, covariate adjustment, power, randomized controlled trial, regression}
}

@misc{Grant2021TheresLanguishing,
    title = {{There’s a Name for the Blah You’re Feeling: It’s Called Languishing}},
    year = {2021},
    author = {Grant, Adam},
    url = {https://www.nytimes.com/2021/04/19/well/mind/covid-mental-health-languishing.html}
}

@misc{Chen2016TooStudy,
    title = {{Too many covariates and too few cases? – a comparative study}},
    year = {2016},
    booktitle = {Statistics in Medicine},
    author = {Chen, Qingxia and Nian, Hui and Zhu, Yuwei and Talbot, H. Keipp and Griffin, Marie R. and Harrell, Frank E.},
    number = {25},
    pages = {4546--4558},
    volume = {35},
    doi = {10.1002/sim.7021},
    issn = {10970258},
    pmid = {27357163},
    keywords = {lasso, logistic regression model, over-parameterization, propensity score, ridge}
}

@misc{Datta2017TranslocatorSclerosis,
    title = {{Translocator positron-emission tomography and magnetic resonance spectroscopic imaging of brain glial cell activation in multiple sclerosis}},
    year = {2017},
    booktitle = {Multiple Sclerosis},
    author = {Datta, Gourab and Violante, Ines R. and Scott, Gregory and Zimmerman, Karl and Santos-Ribeiro, Andre and Rabiner, Eugenii A. and Gunn, Roger N. and Malik, Omar and Ciccarelli, Olga and Nicholas, Richard and Matthews, Paul M.},
    number = {11},
    pages = {1469--1478},
    volume = {23},
    doi = {10.1177/1352458516681504},
    issn = {14770970},
    pmid = {27903933},
    keywords = {MRI, Multiple sclerosis, biomarkers, glia}
}

@article{PapadopoulosVBaraldiMGuilarteTRKnudsenTBLacapereJJLindemannP2006TranslocatorFunction,
    title = {{Translocator protein (18kDa): newnomenclature for the peripheral-type benzodiazepine receptorbased on its structure and molecular function}},
    year = {2006},
    journal = {Trends Pharmacol Sci},
    author = {Papadopoulos V, Baraldi M, Guilarte TR, Knudsen TB, Lacapere JJ, Lindemann P, et al},
    pages = {402--409},
    volume = {27}
}

@article{Chen2011TSPOPDT,
    title = {{TSPO 18 kDa (PBR) Targeted Photosensitizers for Cancer Imaging (PET) and PDT}},
    year = {2011},
    journal = {ACS Medicinal Chemistry Letters},
    author = {Chen, Yihui and Sajjad, Munawwar and Wang, Yanfang and Batt, Carrie and Nabi, Hani A and Pandey, Ravindra K},
    number = {2},
    month = {2},
    pages = {136--141},
    volume = {2},
    publisher = {American Chemical Society},
    url = {https://doi.org/10.1021/ml100211g},
    doi = {10.1021/ml100211g}
}

@article{DantzerR2007TwentyBehavior,
    title = {{Twenty years of research on cytokine-induced sickness behavior}},
    year = {2007},
    journal = {Brain Behav Immun},
    author = {Dantzer R, Kelley KW},
    number = {2},
    pages = {153--160},
    volume = {21}
}

@article{Zurcher202111CPBR28Disorder,
    title = {{[11C]PBR28 MR–PET imaging reveals lower regional brain expression of translocator protein (TSPO) in young adult males with autism spectrum disorder}},
    year = {2021},
    journal = {Molecular Psychiatry},
    author = {Z{\"{u}}rcher, N. R. and Loggia, M. L. and Mullett, J. E. and Tseng, C. and Bhanot, A. and Richey, L. and Hightower, B. G. and Wu, C. and Parmar, A. J. and Butterfield, R. I. and Dubois, J. M. and Chonde, D. B. and Izquierdo-Garcia, D. and Wey, H. Y. and Catana, C. and Hadjikhani, N. and McDougle, C. J. and Hooker, J. M.},
    number = {5},
    pages = {1659--1669},
    volume = {26},
    isbn = {4138002006},
    doi = {10.1038/s41380-020-0682-z},
    issn = {14765578},
    pmid = {32076115}
}

@article{RooksM.GandGarrettW.S2017Access,
    title = {{乳鼠心肌提取 HHS Public Access}},
    year = {2017},
    journal = {Physiology {\&} behavior},
    author = {Rooks, M.G and Garrett, W.S, 2016},
    number = {3},
    pages = {139--148},
    volume = {176},
    isbn = {8586542555},
    doi = {10.1111/nyas.13864.Effects},
    keywords = {endothelium, estrogen, estrogen receptors, vascular smooth muscle}
}